%% Copyright 2016 Daniel Ballester Marques
%%
%% This work may be distributed and/or modified under the
%% conditions of the LaTeX Project Public License, either version 1.3
%% of this license or (at your option) any later version.
%% The latest version of this license is in
%%   http://www.latex-project.org/lppl.txt
%% and version 1.3 or later is part of all distributions of LaTeX
%% version 2005/12/01 or later.
%%
%% This work has the LPPL maintenance status `maintained'.
%%
%% The Current Maintainer of this work is Daniel Ballester Marques.

% section 7 >>>1

% Section 7.1 >>>2

@book{gomes1998a,
    keywords        = {7.1},
    author          = {L. G. F. F Gomes},
    title           = {Novela e sociedade no Brasil},
    location        = {Niterói},
    publisher       = {EdUFF},
    date            = {1998},
}

@book{gomes1998b,
    keywords        = {7.1},
    author          = {L. G. F. F Gomes},
    title           = {Novela e sociedade no Brasil},
    location        = {Niterói},
    publisher       = {EdUFF},
    date            = {1998},
    pagetotal       = {137},
    dimensions      = {21~cm},
    series          = {Coleção Antropologia e Ciência Política},
    number          = {15},
    note            = {Bibliografia: p. 131-132},
    isbn            = {85-228-0268-8},
}

@book{perfil1994,
    keywords        = {7.1},
    title           = {Perfil da administração pública paulista},
    edition         = {6},
    location        = {São Paulo},
    publisher       = {\mkbibacro{FUNDAP}},
    date            = {1994},
    pagetotal       = {317},
    note            = {Inclui índice},
    isbn            = {85-7285-026-0},
}

@booklet{ibict1993,
    keywords        = {7.1},
    author          = {\mkbibacro{IBICT}},
    title           = {Manual de normas de editoração do {\mkbibacro{IBICT}}},
    edition         = {2},
    location        = {Brasília, DF},
    date            = {1993},
    pagetotal       = {41},
}

@book{houaiss1996,
    keywords        = {7.1},
    editor          = {Antonio Houaiss},
    title           = {Novo dicionário {Folha Webster's}},
    subtitle        = {inglês/português, português/inglês},
    titleaddon      = {Co-editor Ismael Cardim},
    location        = {São Paulo},
    publisher       = {Folha da Manhã},
    date            = {1996},
    note            = {Edição exclusiva para o assinante da Folha de S.
                       Paulo},
    % editora         = {Ismael Cardim},
    % editoratype     = {coeditor},
    % O ideal seria usar os campos `editora` e `editoratype` em vez de
    % `titleaddon`, mas eles sempre imprimem o verbo no infinitivo seguido de
    % dois pontos, enquanto a ABNT apresenta esse tipo de informação cada vez
    % de um jeito (e.g., "Co-editor Fulano de Tal", "Direção artística: Fulano
    % de Tal", "Ilustrações de Fulano de Tal", "Organização por Fulano de
    % Tal").
}

@book{brasil1995,
    keywords        = {7.1},
    title           = {Brasil},
    subtitle        = {roteiros turísticos},
    location        = {São Paulo},
    publisher       = {Folha da Manhã},
    date            = {1995},
    pagetotal       = {319},
    illustrated     = {il.},
    series          = {Roteiros turísticos Fiat},
    note            = {Inclui mapa rodoviário},
}

@manual{saopaulo1989,
    keywords        = {7.1},
    author          = {{São Paulo}},
    authortype      = {Estado},
    nameaddon       = {Secretaria do Meio Ambiente.
                       Coordenadoria de Planejamento Ambiental.},
    title           = {Estudo de impacto ambiental -- \mkbibacro{EIA},
                       Relatório de Impacto Ambiental -- \mkbibacro{RIMA}},
    subtitle        = {manual de orientação},
    location        = {São Paulo},
    date            = {1989},
    pagetotal       = {48},
    series          = {Série Manuais},
}

@manual{museu1997,
    keywords        = {7.1},
    author          = {{Museu da Imigração\nopunct}},
    nameaddon       = {(São Paulo, SP)},
    title           = {Museu da Imigração -- S. Paulo},
    subtitle        = {catálogo},
    location        = {São Paulo},
    date            = {1997},
    pagetotal       = {16},
    % Para que o "(São Paulo, SP)" fique em minúsculas, pode-se usar
    % `\nopunct` para omitir o ponto depois do autor e então acrescentar
    % essa informação no campo `nameaddon`. Também é possível usar o campo
    % `authortype` para essa informação, mas "São Paulo" nãe é exatamente um
    % tipo de autor, embora a ABNT imprima como se fosse.
    % Nenhuma dessas possibilidades é ideal, e provavelmente causariam
    % problemas em outros estilos.
}

@manual{instituto1997,
    keywords        = {7.1},
    author          = {{Instituto Moreira Salles}},
    title           = {São Paulo de Vincenzo Pastore},
    subtitle        = {fotografias: de 26 de abril a 3 de agosto de 1997,
                       Casa da cultura de Poços de Caldas, Poços de Caldas,
                       MG},
    date            = {1997},
    note            = {1 folder. Apoio Ministério da Cultura:
                       Lei Federal de Incentivo à Cultura},
}

@book{torelly1991,
    keywords        = {7.1},
    author          = {M. Torelly},
    title           = {Almanaque para 1949},
    subtitle        = {primeiro semestre ou Almanaque d'A Manhã},
    edition         = {Ed. fac-sim},
    location        = {São Paulo},
    publisher       = {Studioma: Arquivo do Estado},
    date            = {1991},
    series          = {Coleção Almanaques do Barão de Itararé},
    note            = {Contém iconografia e depoimentos sobre o autor},
}

@book{mey1987,
    keywords        = {7.1},
    author          = {Eliane Serrão Alves Mey},
    title           = {Catalogação e descrição bibliográfica},
    subtitle        = {contribuições a uma teoria},
    date            = {1987},
    publisher       = {\mkbibacro{ABDF}},
    location        = {Brasília, DF},
    note            = {Originalmente apresentada como dissertação de mestrado,
                       Universidade de Brasília, 1986},
}

% <<<

% section 7.2 >>>2

@book{koogan1998,
    keywords        = {7.2},
    editor          = {André Koogan and Antonio Houaiss},
    title           = {Enciclopédia e dicionário digital 98},
    titleaddon      = {Direção geral de André Koogan Breikman},
    location        = {São Paulo},
    publisher       = {Delta: Estadão},
    date            = {1998},
    note            = {5 \mkbibacro{CD-ROM}},
    % editora         = {André Koogan Breikman},
    % editoratype     = {gendir},
    % O ideal seria usar os campos `editora` e `editoratype` em vez de
    % `titleaddon`.
}

@book{alves2000,
    keywords        = {7.2},
    author          = {Castro Alves},
    title           = {Navio Negreiro},
    date            = {2000},
    publisher       = {Virtual Books},
    url             = {http://www.terra.com.br/virtualbooks/
                       freebook/port/Lport2/navionegreiro.htm},
    addendum        = {Acesso em: 10 jan. 2002, 16:30:30},
    % urldate       = {2002-01-10},
    % É necessário colocar a data no campo `addendum` pra incluir o horário,
    % como no manual. O ideal seria usar o campo `urldate`.
}

% <<<

% section 7.3 >>>2

@incollection{romano1996a,
    keywords        = {7.3},
    author          = {Giovanni Romano},
    title           = {Imagens da juventude na era moderna},
    editor          = {G. Levi and J. Schmidt},
    editortype      = {organizer},
    booktitle       = {História dos jovens 2},
    location        = {São Paulo},
    publisher       = {Companhia das Letras},
    date            = {1996},
    pages           = {7-16},
}

@inbook{santos1994a,
    keywords        = {7.3},
    author          = {F. R. dos Santos},
    title           = {A colonização da terra do Tucujús},
    booktitle       = {História do Amapá, 1º grau},
    bookauthor      = {F. R. dos Santos},
    edition         = {2},
    location        = {Macapá},
    publisher       = {Valcan},
    date            = {1994},
    chapter         = {3},
}

@incollection{romano1996b,
    keywords        = {7.3},
    author          = {Giovanni Romano},
    title           = {Imagens da juventude na era moderna},
    editor          = {G. Levi and J. Schmidt},
    editortype      = {organizer},
    booktitle       = {História dos jovens 2},
    booksubtitle    = {a época contemporânea},
    location        = {São Paulo},
    publisher       = {Companhia das Letras},
    date            = {1996},
    pages           = {7-16},
}

@inbook{santos1994b,
    keywords        = {7.3},
    author          = {F. R. dos Santos},
    title           = {A colonização da terra do Tucujús},
    booktitle       = {História do Amapá, 1º grau},
    bookauthor      = {F. R. dos Santos},
    edition         = {2},
    location        = {Macapá},
    publisher       = {Valcan},
    date            = {1994},
    chapter         = {3},
    pages           = {15-24},
}

% <<<

% section 7.4 >>>2

@incollection{morfologia1998,
    keywords        = {7.4},
    title           = {Morfologia dos artrópodes},
    booktitle       = {Enciclopédia multimídia dos seres vivos},
    publisher       = {Planeta DeAgostini},
    year            = {c1998},
    sortyear        = {1998},
    note            = {\mkbibacro{CD-ROM} 9},
}

@inbook{politica1998,
    keywords        = {7.4},
    title           = {Política},
    booktitle       = {Dicionário da língua portuguesa},
    location        = {Lisboa},
    publisher       = {Priberam Informática},
    date            = {1998},
    url             = {http://www.priberam.pt/dlDLPO},
    urldate         = {1999-03-08},
}

@inbook{saopaulo1999,
    keywords        = {7.4},
    author          = {{São Paulo}},
    authortype      = {Estado},
    nameaddon       = {Secretaria do Meio Ambiente},
    title           = {Tratados e organizações ambientais
                       em matéria de meio ambiente},
    booktitle       = {Entendendo o meio ambiente},
    bookauthor      = {{São Paulo}},
    location        = {São Paulo},
    date            = {1999},
    volume          = {1},
    url             = {http://www.bdt.org.br/sma/entendendo/atual.htm},
    urldate         = {1999-03-08},
    options         = {noslsn},
}

% <<<

% section 7.5 >>>2

@periodical{revista1939a,
    keywords        = {7.5.1},
    title           = {Revista Brasileira de Geografia},
    location        = {Rio de Janeiro},
    publisher       = {\mkbibacro{IBGE}},
    year            = {1939-\nopunct},
    sortyear        = {1939},
}

@periodical{revista1939b,
    keywords        = {7.5.1},
    title           = {Revista Brasileira de Geografia},
    location        = {Rio de Janeiro},
    publisher       = {\mkbibacro{IBGE}},
    note            = {Trimestral. Absorveu Boletim Geográfico, do
                       \mkbibacro{IBGE}. Índice acumulado. 1939-1983},
    year            = {1939-~.},
    sortyear        = {1939},
    issn            = {0034-723X},
}

@book{boletim1943,
    keywords        = {7.5.1},
    author          = {{Boletim Geográfico}},
    location        = {Rio de Janeiro},
    publisher       = {\mkbibacro{IBGE}},
    date            = {1943/1978},
    note            = {Trimestral},
}

@periodical{saopaulo1941a,
    keywords        = {7.5.1},
    title           = {São Paulo Medical Journal},
    location        = {São Paulo},
    publisher       = {Associação Paulista de Medicina},
    year            = {1941-~.},
    sortyear        = {1941},
    note            = {Bimensal},
    issn            = {0035-0362},
}

@periodical{dinheiro2000a,
    keywords        = {7.5.2},
    title           = {Dinheiro},
    location        = {São Paulo},
    publisher       = {Ed. Três},
    issue           = {148},
    date            = {2000-06-28},
}

@periodical{dinheiro2000b,
    keywords        = {7.5.2},
    title           = {Dinheiro},
    subtitle        = {revista semanal de negócios},
    location        = {São Paulo},
    publisher       = {Ed. Três},
    issue           = {148},
    date            = {2000-06-28},
    pagetotal       = {98},
}

@article{as5001984,
    keywords        = {7.5.3},
    title           = {As 500 maiores empresas do Brasil},
    journaltitle    = {Conjuntura Econômica},
    location        = {Rio de Janeiro},
    volume          = {38},
    number          = {9},
    date            = {1984-09},
    note            = {Edição Especial},
}

@article{maodeobra1983,
    keywords        = {7.5.3},
    title           = {Mão-de-obra e previdência},
    journaltitle    = {Pesquisa Nacional por amostra de domicílios},
    location        = {Rio de Janeiro;\nopunct},
    volume          = {7},
    date            = {1983},
    note            = {Suplemento},
    % Nesta entrada, ao contrário de todas as outras, a ABNT usa um ponto e
    % vírgula após o local, em vez de uma vírgula.
}

@article{costa1998a,
    keywords        = {7.5.3},
    author          = {V. R. Costa},
    title           = {À Margem da lei},
    journaltitle    = {Em Pauta},
    location        = {Rio de Janeiro},
    number          = {12},
    pages           = {131-148},
    date            = {1998},
}

@article{gurgel1997,
    keywords        = {7.5.3},
    author          = {C. Gurgel},
    title           = {Reforma do estado e segurança pública},
    journaltitle    = {Política e administração},
    location        = {Rio de Janeiro},
    volume          = {3},
    number          = {2},
    pages           = {15-21},
    date            = {1997-09},
}

@article{tourinho1997,
    keywords        = {7.5.3},
    author          = {Tourinho Neto, F. C.},
    title           = {Dano ambiental},
    journaltitle    = {Consulex},
    location        = {Brasília, DF},
    volume          = {ano~1},
    number          = {1},
    pages           = {18-23},
    date            = {1997-02},
}

@article{mansilla1998a,
    keywords        = {7.5.3},
    author          = {Tourinho Neto, F. C.},
    author          = {H. C. F. Mansilla},
    title           = {La controversia entre universalismo y particularismo
                       en la filosofia de la cultura},
    journaltitle    = {Revista Latinoamericana de Filosofia},
    location        = {Buenos Aires},
    volume          = {24},
    number          = {2},
    issue           = {primavera},
    year            = {1998},
}

@article{sekeff2002,
    keywords        = {7.5.3},
    author          = {Gisela Sekeff},
    title           = {O emprego dos sonhos},
    journaltitle    = {Domingo},
    location        = {Rio de Janeiro},
    volume          = {ano 26},
    number          = {1344},
    pages           = {30-36},
    date            = {2002-02-03},
}

@article{costa1998b,
    keywords        = {7.5.3},
    author          = {V. R. Costa},
    title           = {À Margem da lei},
    subtitle        = {o Programa Comunidade Solidária},
    journaltitle    = {Em Pauta},
    journalsubtitle = {Revista da Faculdade de Serviço Social
                       da \mkbibacro{UERJ}},
    location        = {Rio de Janeiro},
    number          = {12},
    pages           = {131-148},
    date            = {1998},
}

@article{vieira1994,
    keywords        = {7.5.4},
    author          = {Cássio Leite Vieira and Marcelo Lopes},
    title           = {A queda do cometa},
    journaltitle    = {Neo Interativa},
    location        = {Rio de Janeiro},
    number          = {2},
    issue           = {inverno},
    year            = {1994},
    note            = {1 \mkbibacro{CD-ROM}},
}

@article{silva1998a,
    keywords        = {7.5.4},
    author          = {M. M. L. Silva},
    title           = {Crimes da era digital},
    journaltitle    = {.Net},
    location        = {Rio de Janeiro},
    date            = {1998-11},
    note            = {Seção Ponto de Vista},
    url             = {http://www.brazilnet.com.br/
                       contexts/brasilrevistas.htm},
    urldate         = {1998-11-28},
}

@article{ribeiro1998,
    keywords        = {7.5.4},
    author          = {P. S. G. Ribeiro},
    title           = {Adoção à brasileira},
    subtitle        = {uma análise sócio-jurídica},
    journaltitle    = {Dataveni@},
    location        = {São Paulo},
    volume          = {ano 3},
    number          = {18},
    date            = {1998-08},
    url             = {http://www.datavenia.inf.br/frameartig.html},
    urldate         = {1998-09-10},
}

@article{windows1998,
    keywords        = {7.5.4},
    title           = {Windows 98},
    subtitle        = {o melhor caminho para atualização},
    journaltitle    = {\mkbibacro{PC} World},
    location        = {São Paulo},
    number          = {75},
    date            = {1998-09},
    url             = {http://www.idg.com.br/abre.htm},
    urldate         = {1998-09-10},
}

@article{costura1997,
    keywords        = {7.5.5},
    title           = {Costura $\times$ \mkbibacro{P.U.R.}},
    journaltitle    = {Aldus},
    location        = {São Paulo},
    volume          = {ano 1},
    number          = {1},
    date            = {1997-11},
    note            = {Encarte técnico, p. 8},
}

@article{naves1999,
    keywords        = {7.5.5},
    author          = {P. Naves},
    title           = {Lagos andinos dão banho de beleza},
    journaltitle    = {Folha de S. Paulo},
    location        = {São Paulo},
    date            = {1999-06-28},
    note            = {Folha Turismo, Caderno 8, p. 13},
}

@article{leal1999,
    keywords        = {7.5.5},
    author          = {L. N. Leal},
    title           = {\mkbibacro{MP} fiscaliza com autonomia total},
    journaltitle    = {Jornal do Brasil},
    location        = {Rio de Janeiro},
    pages           = {3},
    date            = {1999-04-25},
}

@article{paiva2002,
    keywords        = {7.5.5},
    author          = {Anabela Paiva},
    title           = {Trincheira musical},
    subtitle        = {músico dá lições de cidadania em forma de samba
                       para crianças e adolescentes},
    journaltitle    = {Jornal do Brasil},
    location        = {Rio de Janeiro},
    pages           = {2},
    date            = {2002-01-12},
}

@article{silva1998b,
    keywords        = {7.5.6},
    author          = {Ives Gandra da Silva},
    title           = {Pena de morte para o nasciturno},
    journaltitle    = {O Estado de S. Paulo},
    location        = {São Paulo},
    date            = {1998-09-19},
    url             = {http://www.providafamilia.org/
                       pena_morte_nasciturno.htm},
    urldate         = {1998-09-19},
}

@article{kelly1996,
    keywords        = {7.5.6},
    author          = {R. Kelly},
    title           = {Electronic publishing at \mkbibacro{APS}},
    subtitle        = {its not just online journalism},
    journaltitle    = {\mkbibacro{APS} News Online},
    location        = {Los Angeles},
    issue           = {{Nov}\adddot},
    year            = {1996},
    url             = {http://www.aps.org/apsnews/1196/11965.html},
    urldate         = {1998-11-25},
    % Aqui, excepcionalmente, a ABNT coloca o mês com a inicial em maiúscula
    % ("Nov."), por isso é preciso colocá-lo escrito literalmente. O ideal
    % seria usar `date = {1996-11}`.
}

@article{arranjo1998,
    keywords        = {7.5.6},
    title           = {Arranjo tributário},
    journaltitle    = {Diário do Nordeste Online},
    location        = {Fortaleza},
    date            = {1998-11-27},
    url             = {http://www.diariodonordeste.com.br},
    urldate         = {1998-11-28},
}

% <<<

% section 7.6 >>>2

@proceedings{iufrost1984,
    keywords        = {7.6.1},
    eventtitle      = {IUFROST International Symposium on Chemical Changes
                       During Food Processing},
    title           = {Proceedings [\ldots]},
    eventdate       = {1984},
    venue           = {Valencia},
    date            = {1984},
    location        = {Valencia},
    publisher       = {Instituto de Agroquímica y Tecnología de Alimentos},
}

@proceedings{reuniao1997,
    keywords        = {7.6.2},
    eventtitle      = {Reunião Anual da Sociedade Brasileira de Química},
    number          = {20},
    eventdate       = {1997},
    venue           = {Poços de Caldas},
    title           = {Química},
    subtitle        = {academia, indústria, sociedade: livro de resumos},
    location        = {São Paulo},
    publisher       = {Sociedade Brasileira de Química},
    date            = {1997},
}

@proceedings{congresso1996,
    keywords        = {7.6.3},
    organization    = {Congresso de Iniciação Científica da {UFPe}},
    number          = {4},
    eventdate       = {1996},
    venue           = {Recife},
    title           = {Anais eletrônicos [\ldots]},
    location        = {Recife},
    publisher       = {UFPe},
    date            = {1996},
    url             = {http://www.propesq.ufpe.br/anais/anais.htm},
    urldate         = {1997-01-21},
}

% <<<

% section 7.7 >>>2

@inproceedings{brayner1994,
    keywords        = {7.7.1},
    author          = {A. R. A. Brayner and C. B. Medeiros},
    title           = {Incorporação do tempo em
                       \mkbibacro{SGDB} orientado a objetos},
    eventtitle      = {Simpósio Brasileiro de Banco de Dados},
    number          = {9},
    eventdate       = {1994},
    venue           = {São Paulo},
    booktitle       = {Anais [\ldots]},
    location        = {São Paulo},
    publisher       = {\mkbibacro{USP}},
    date            = {1994},
    pages           = {16-29},
}

@inproceedings{souza1994,
    keywords        = {7.7.1},
    author          = {L. S. Souza and A. L. Borges and J. O. Rezende},
    title           = {Influência da correção e do preparo do solo sobre
                       algumas propriedades químicas do solo cultivado com
                       bananeiras},
    eventtitle      = {Reunião Brasileira de Fertilidade do Solo
                       e Nutrição de Plantas},
    number          = {21},
    eventdate       = {1994},
    venue           = {Petrolina},
    booktitle       = {Anais [\ldots]},
    location        = {Petrolina},
    publisher       = {\mkbibacro{EMBRAPA}, \mkbibacro{CPATSA}},
    date            = {1994},
    pages           = {3-4},
}

@inproceedings{martin1997,
    keywords        = {7.7.2},
    author          = {Martin Neto, L. and C. Bayer and J. Mielniczuk},
    title           = {Alterações qualitativas da matéria orgânica
                       e os fatores determinantes da sua estabilidade
                       num solo podzólico vermelho-escuro
                       em diferentes sistemas de manejo},
    eventtitle      = {Congresso Brasileiro de Ciência do Solo},
    number          = {26},
    eventdate       = {1997},
    venue           = {Rio de Janeiro},
    booktitle       = {Resumos [\ldots]},
    location        = {Rio de Janeiro},
    publisher       = {Sociedade Brasileira de Ciência do Solo},
    date            = {1997},
    note            = {p. 443, ref. 6-141},
    % pages         = {443},
    % As páginas foram acrescentadas ao campo `note` para que fiquem
    % separadas do restante por uma vírgula, como está no manual
    % (de modo inconsistente). O ideal seria usar o campo `pages`.
}

@inproceedings{guncho1998,
    keywords        = {7.7.3},
    author          = {M. R. Guncho},
    title           = {A educação à distância e a biblioteca universitária},
    eventtitle      = {Seminário de Bibliotecas Universitárias},
    number          = {10},
    eventdate       = {1998},
    venue           = {Fortaleza},
    booktitle       = {Anais [\ldots]},
    location        = {Fortaleza},
    publisher       = {Tec Treina},
    date            = {1998},
    note            = {1 \mkbibacro{CD-ROM}},
}

@inproceedings{silva1996a,
    keywords        = {7.7.3},
    author          = {R. N. Silva and R. Oliveira},
    title           = {Os limites pedagógicos do paradigma
                       da qualidade total na educação},
    eventtitle      = {Congresso de Iniciação Científica da {UFPe}},
    number          = {4},
    eventdate       = {1996},
    venue           = {Recife},
    booktitle       = {Anais eletrônicos [\ldots]},
    location        = {Recife},
    publisher       = {UFPe},
    date            = {1996},
    url             = {http://www.propesq.ufpe.br/anais/anais/educ/ce04.htm},
    urldate         = {1997-01-21},
}

@inproceedings{sabroza1998,
    keywords        = {7.7.3},
    author          = {P. C. Sabroza},
    title           = {Globalização e saúde},
    subtitle        = {impacto nos perfis epidemiológicos das populações},
    eventtitle      = {Congresso Brasileiro de Epidemiologia},
    number          = {4},
    eventdate       = {1998},
    venue           = {Rio de Janeiro},
    booktitle       = {Anais eletrônicos [\ldots]},
    location        = {Rio de Janeiro},
    publisher       = {\mkbibacro{ABRASCO}},
    date            = {1998},
    note            = {Mesa-redonda},
    url             = {http://www.abrasco.com.br/epirio98/},
    urldate         = {1999-01-17},
}

@inproceedings{krzyzanowski1996,
    keywords        = {7.7.3},
    author          = {R. F. Krzyzanowski},
    title           = {Valor agregado no mundo da informação},
    subtitle        = {um meio de criar novos espaços competitivos
                       a partir da tecnologia da informação e melhor
                       satisfazer às necessidades dos clientes/usuários},
    eventtitle      = {Congresso Regional de Informação em Ciências da Saúde},
    number          = {3},
    eventdate       = {1996},
    venue           = {Rio de Janeiro},
    booktitle       = {Interligações da tecnologia da informação},
    booksubtitle    = {um elo futuro},
    url             = {http://www.bireme.br/cgi-bin/crics3/
                       texto?titulo=VALOR+AGREGADO+NO+MUNDO},
    urldate         = {1999-01-26},
    options         = {noslsn},
}

% <<<

% section 7.8 >>>2

@patent{embrapa1989,
    keywords        = {7.8},
    holder          = {{Embrapa}},
    nameaddon       = {Unidade de Apoio, Pesquisa e Desenvolvimento
                       de Instrumentação Agropecuária (São Carlos, SP)},
    author          = {Paulo Estevão Cruvinel},
    title           = {Medidor digital multisensorial
                       de temperatura para solos},
    number          = {BR n. \mkbibacro{PI} 8903105-9},
    note            = {26 jun. 1989, 30 maio 1995},
}

% <<<

% section 7.9 >>>2

@legislation{saopaulo1998a,
    keywords        = {7.9.1},
    author          = {{São Paulo}},
    authortype      = {Estado},
    title           = {Decreto nº 42.822, de 20 de janeiro de 1998},
    journaltitle    = {Lex},
    journalsubtitle = {coletânea de legislação e jurisprudência},
    location        = {São Paulo},
    volume          = {62},
    number          = {3},
    pages           = {217-220},
    date            = {1998},
}

@legislation{brasil1997a,
    keywords        = {7.9.1},
    author          = {{Brasil}},
    title           = {Medida provisória nº 1.569-9, de 11 de dezembro de
                       1997},
    journaltitle    = {Diário Oficial [da] República Federativa do Brasil},
    publisher       = {Poder Executivo},
    location        = {Brasília, DF},
    date            = {1997-12-14},
    note            = {Seção~1, p.~29514},
}

@legislation{brasil1943a,
    keywords        = {7.9.1},
    author          = {{Brasil}},
    title           = {Decreto-lei nº 5.452, de 1 de maio de 1943},
    journaltitle    = {Lex},
    journalsubtitle = {Coletânea de legislação: edição federal},
    location        = {São Paulo},
    volume          = {7},
    date            = {1943},
    note            = {Suplemento},
}

@book{brasil1995a,
    keywords        = {7.9.1},
    author          = {{Brasil}},
    title           = {Código civil},
    edition         = {46},
    location        = {São Paulo},
    publisher       = {Saraiva},
    date            = {1995},
}

@legislation{brasil1991a,
    keywords        = {7.9.1},
    author          = {{Brasil}},
    nameaddon       = {Congresso. Senado},
    title           = {Resolução nº 17, de 1991},
    journaltitle    = {Coleção de leis da República Federativa do Brasil},
    location        = {Brasília, DF},
    volume          = {183},
    pages           = {1156-1157},
    issue           = {maio/jun.},
    year            = {1991},
}

@legislation{brasil1966a,
    keywords        = {7.9.1},
    author          = {{Brasil}},
    nameaddon       = {Constituição (1988)},
    title           = {Emenda constitucional nº 9, de 9 de novembro de 1995},
    location        = {São Paulo},
    volume          = {59},
    pages           = {1966},
    journaltitle    = {Lex},
    journalsubtitle = {legislação federal e marginália},
    issue           = {out./dez.},
    date            = {1995},
}

@legislation{saopaulo1998b,
    keywords        = {7.9.1},
    author          = {{São Paulo}},
    authortype      = {Estado},
    title           = {Decreto nº 42.822, de 20 de janeiro de 1998.
                       Dispõe sobre a desativação de unidades
                       administrativas de órgãos da administração
                       direta e das autarquias do Estado
                       e dá providências correlatas},
    journaltitle    = {Lex},
    journalsubtitle = {coletânea de legislação e jurisprudência},
    location        = {São Paulo},
    volume          = {62},
    number          = {3},
    pages           = {217-220},
    date            = {1998},
}

@legislation{brasil1997b,
    keywords        = {7.9.1},
    author          = {{Brasil}},
    title           = {Medida provisória nº 1.569-9, de 11 de dezembro de
                       1997.
                       Estabelece multa em operações de importação,
                       e dá outras providências.},
    journaltitle    = {Diário Oficial [da] República Federativa do Brasil},
    publisher       = {Poder Executivo},
    location        = {Brasília, DF},
    date            = {1997-12-14},
    note            = {Seção~1, p.~29514},
}

@legislation{brasil1943b,
    keywords        = {7.9.1},
    author          = {{Brasil}},
    title           = {Decreto-lei nº 5.452, de 1 de maio de 1943.
                       Aprova a consolidação das leis do trabalho},
    journaltitle    = {Lex},
    journalsubtitle = {coletânea de legislação: edição federal},
    location        = {São Paulo},
    volume          = {7},
    date            = {1943},
    note            = {Suplemento},
}

@book{brasil1995b,
    keywords        = {7.9.1},
    author          = {{Brasil}},
    title           = {Código civil},
    titleaddon      = {Organização dos textos, notas remissivas e índices
                       por Juarez de Oliveira},
    edition         = {46},
    location        = {São Paulo},
    publisher       = {Saraiva},
    date            = {1995},
}

@legislation{brasil1991b,
    keywords        = {7.9.1},
    author          = {{Brasil}},
    nameaddon       = {Congresso. Senado},
    title           = {Resolução nº 17, de 1991. Autoriza o desbloqueio
                       de Letras Financeiras do Tesouro do Estado do Rio
                       Grande do Sul, através de revogação do parágrafo
                       2º, do artigo 1º da Resolução nº 72, de 1990},
    journaltitle    = {Coleção de leis da República Federativa do Brasil},
    location        = {Brasília, DF},
    volume          = {183},
    pages           = {1156-1157},
    issue           = {maio/jun.},
    year            = {1991},
}

@legislation{brasil1966b,
    keywords        = {7.9.1},
    author          = {{Brasil}},
    nameaddon       = {Constituição (1988)},
    title           = {Emenda constitucional nº 9, de 9 de novembro de 1995.
                       Dá nova redação ao art. 177 da Constituição Federal,
                       alterando e inserindo parágrafos},
    location        = {São Paulo},
    volume          = {59},
    pages           = {1966},
    journaltitle    = {Lex},
    journalsubtitle = {legislação federal e marginália},
    issue           = {out./dez.},
    year            = {1995},
}

@inbook{brasil1994a,
    keywords        = {7.9.2},
    author          = {{Brasil}},
    nameaddon       = {Supremo Tribunal de Justiça},
    title           = {Súmula nº 14},
    booktitle       = {Súmulas},
    bookauthor      = {{Brasil}},
    location        = {São Paulo},
    publisher       = {Associação dos Advogados do Brasil},
    date            = {1994},
    pages           = {16},
    % options         = {repeatfields},
}

@jurisdiction{brasil1998a,
    keywords        = {7.9.2},
    author          = {{Brasil}},
    nameaddon       = {Superior Tribunal de Justiça},
    title           = {\textit{Habeas-corpus} nº 181.636-1, da 6ª Câmera Cível
                       do Tribunal de Justiça do Estado de São Paulo,
                       Brasília, DF, 6 de dezembro de 1994},
    journaltitle    = {Lex},
    journalsubtitle = {jurisprudência do \mkbibacro{STJ} e Tribunais Regionais
                       Federais},
    location        = {São Paulo},
    volume          = {10},
    number          = {103},
    pages           = {236-240},
    date            = {1998-03},
}

@jurisdiction{brasil1998b,
    keywords        = {7.9.2},
    author          = {{Brasil}},
    nameaddon       = {Tribunal Regional Federal (5. região)},
    title           = {Apelação cível nº 42.441-PE (94.05.01629-6).
                       Apelante: Edilemos Mamede dos Santos e outros.
                       Apelada: Escola Técnica Federal de Pernambuco.
                       Relator: Juiz Nereu Santos.
                       Recife, 4 de março de 1997},
    journaltitle    = {Lex},
    journalsubtitle = {jurisprudência do \mkbibacro{STJ} e Tribunais Regionais
                       Federais},
    location        = {São Paulo},
    volume          = {10},
    number          = {103},
    pages           = {558-562},
    date            = {1998-03},
}

@inbook{brasil1994b,
    keywords        = {7.9.2},
    author          = {{Brasil}},
    nameaddon       = {Supremo Tribunal de Justiça},
    title           = {Súmula nº 14},
    titleaddon      = {Não é admissível por ato administrativo
                       restringir, em razão de idade, inscrição
                       em concurso para cargo público},
    booktitle       = {Súmulas},
    bookauthor      = {{Brasil}},
    location        = {São Paulo},
    publisher       = {Associação dos Advogados do Brasil},
    date            = {1994},
    pages           = {16},
}

@jurisdiction{brasil1998c,
    keywords        = {7.9.2},
    author          = {{Brasil}},
    nameaddon       = {Superior Tribunal de Justiça. Processual Penal.
                       \textit{Habeas-corpus}. Constrangimento ilegal.},
    title           = {\textit{Habeas-corpus} nº 181.636-1, da 6ª Câmera Cível
                       do Tribunal de Justiça do Estado de São Paulo,
                       Brasília, DF, 6 de dezembro de 1994},
    journaltitle    = {Lex},
    journalsubtitle = {jurisprudência do \mkbibacro{STJ} e Tribunais Regionais
                       Federais},
    location        = {São Paulo},
    volume          = {10},
    number          = {103},
    pages           = {236-240},
    date            = {1998-03},
}

@jurisdiction{brasil1998d,
    keywords        = {7.9.2},
    author          = {{Brasil}},
    nameaddon       = {Tribunal Regional Federal (5. região). Administrativo.
                       Escola Técnica Federal. Pagamento de diferenças
                       referente a enquadramento de servidor decorrente
                       de implantação de Plano Único de Classificação e
                       Distribuição de Cargos e Empregos, instituído pela
                       Lei nº 8.270/91. Predominância da lei sobre
                       a portaria},
    title           = {Apelação cível nº 42.441-PE (94.05.01629-6).
                       Apelante: Edilemos Mamede dos Santos e outros.
                       Apelada: Escola Técnica Federal de Pernambuco.
                       Relator: Juiz Nereu Santos.
                       Recife, 4 de março de 1997},
    journaltitle    = {Lex},
    journalsubtitle = {jurisprudência do \mkbibacro{STJ} e Tribunais Regionais
                       Federais},
    location        = {São Paulo},
    volume          = {10},
    number          = {103},
    pages           = {558-562},
    date            = {1998-03},
}

@legal{barros1995,
    keywords        = {7.9.3},
    author          = {Raimundo Gomes de Barros},
    title           = {Ministério Público},
    subtitle        = {sua legitimação frente ao Código do Consumidor},
    journaltitle    = {Revista Trimestral de Jurisprudência dos Estados},
    location        = {São Paulo},
    volume          = {19},
    number          = {139},
    pages           = {53-72},
    date            = {1995-08},
}

@book{legislacao1999,
    keywords        = {7.9.4},
    title           = {Legislação brasileira},
    subtitle        = {normas jurídicas federais,
                       bibliografia brasileira de Direito},
    edition         = {7},
    location        = {Brasília, DF},
    publisher       = {Senado Federal},
    date            = {1999},
    note            = {1 \mkbibacro{CD-ROM}. Inclui resumos padronizados das
                       normas jurídicas editadas entre janeiro de 1946
                       e agosto de 1999, assim como textos integrais de
                       diversas normas},
}

@inbook{brasil1999a,
    keywords        = {7.9.4},
    author          = {{Brasil}},
    title           = {Regulamento dos benefícios da previdência social},
    booktitle       = {\mkbibacro{SISLEX}: Sistema de Legislação,
                       Jurisprudência e Pareceres da Previdência e Assistência
                       Social},
    publisher       = {\mkbibacro{DATAPREV}},
    date            = {1999},
    note            = {1 \mkbibacro{CD-ROM}},
}

@legal{brasil1999b,
    keywords        = {7.9.4},
    author          = {{Brasil}},
    title           = {Lei nº 9.887, de 7 de dezembro de 1999. Altera a
                       legislação tributária federal},
    journaltitle    = {Diário Oficial [da] República Federativa do Brasil},
    location        = {Brasília, DF},
    date            = {1999-12-08},
    url             = {http://www.in.gov.br/mp_leis/
                       leis_texto.aps?Id=Lei%209887},
    urldate         = {1999-12-22},
}

@book{brasil1998e,
    keywords        = {7.9.4},
    author          = {{Brasil}},
    nameaddon       = {Supremo Tribunal Federal},
    title           = {Súmula nº 14},
    titleaddon      = {Não é admissível por ato administrativo restringir, em
                       razão de idade, inscrição em concurso para cargo
                       público},
    url             = {http://www.truenetm.com.br/jurisnet/sumusSTF.html},
    urldate         = {1998-11-29},
    options         = {noslsn},
}

% <<<

% section 7.10 >>>2

@movie{osperigos1983a,
    keywords        = {7.10},
    title           = {Os~perigos do uso de tóxicos},
    titleaddon      = {Produção de Jorge Ramos de Andrade},
    location        = {São Paulo},
    publisher       = {\mkbibacro{CERAVI}},
    date            = {1983},
    note            = {1 videocassete},
    % editora         = {Jorge Ramos de Andrade},
    % editoratype     = {producer},
    % O ideal seria usar os campos `editora` e `editoratype` em vez de
    % `titleaddon`.
}

@movie{osperigos1983b,
    keywords        = {7.10},
    title           = {Os~perigos do uso de tóxicos},
    titleaddon      = {Produção de Jorge Ramos de Andrade. Coordenação de
                      Maria Izabel Azevedo.},
    location        = {São Paulo},
    publisher       = {\mkbibacro{CERAVI}},
    date            = {1983},
    note            = {1 videocassete (30 min), \mkbibacro{VHS}, son.,
                       color.},
    % editora         = {Jorge Ramos de Andrade},
    % editoratype     = {producer},
    % editorb         = {Maria Izabel Azevedo},
    % editorbtype     = {coordinator},
    % O ideal seria usar os campos `editora` e `editoratype` em vez de
    % `titleaddon`.
}

@movie{central1998,
    keywords        = {7.10},
    title           = {Central do Brasil},
    titleaddon      = {Direção: Walter Salles Júnior. Produção: Martire
                       de Clermont-Tonnerre e Arthur Cohn. Intérpretes:
                       Fernanda Montenegro; Marília Pera; Vinicius de
                       Oliveira; Sônia Lira; Othon Bastos; Matheus
                       Nachtergaele e outros. Roteiro: Marcos Bernstein,
                       João Emanuel Carneiro e Walter Salles Júnior},
    publisher       = {Le Studio Canal; Riofilme; \mkbibacro{MACT}
                       Productions},
    date            = {1998},
    addendum        = {1 bobina cinematográfica (106 min),
                       son., color., 35 mm},
    % editora       = {Walter Salles Júnior},
    % editoratype   = {director},
    % editorb       = {Martire de Clermont-Tonnerre and Artur Cohn},
    % editorbtype   = {producer},
    % editorc       = {Marcos Bernstein and João Emanuel Carneiro and
    %                  Walter Salles Júnior},
    % editorctype   = {screenwriter},
    % O ideal seria usar os campos `editora`, `editoratype` etc. em vez de
    % `titleaddon`.
}

@movie{blade1991,
    keywords        = {7.10},
    title           = {Blade Runner},
    titleaddon      = {Direção: Ridley Scott. Produção: Michael Deeley.
                       Intérpretes: Harrison Ford; Rutger Hauer;
                       Sean Young; Edward James Olmos e outros.
                       Roteiro: Hampton Fancher e David Peoples.
                       Música: Vangelis},
    location        = {Los Angeles},
    publisher       = {Warner Brothers},
    year            = {c1991},
    sortyear        = {1991},
    addendum        = {1 \mkbibacro{DVD} (117 min), widescreen, color.
                       Produzido por Warner Video Home. Baseado na novela ``Do
                       androids dream of electric sheep?'' de Philip K. Dick},
    % editora       = {Ridley Scott},
    % editoratype   = {director},
    % editorb       = {Michael Deeley},
    % editorbtype   = {producer},
    % editorc       = {Hampton Fancher and David Peoples},
    % editorctype   = {screenwriter},
    % O ideal seria usar os campos `editora`, `editoratype` etc. em vez de
    % `titleaddon`.
}

% <<<

% section 7.11 >>>2

@image{kobayashi1998a,
    keywords        = {7.11.1},
    author          = {K. Kobayashi},
    title           = {Doença dos xavantes},
    date            = {1980},
    note            = {1 fototografia},
    options         = {noslsn},
}

@image{kobayashi1998b,
    keywords        = {7.11.2},
    author          = {K. Kobayashi},
    title           = {Doença dos xavantes},
    date            = {1980},
    note            = {1 fotografia, color., 16 cm $\times$ 56 cm},
    options         = {noslsn},
}

@article{fraipont1998,
    keywords        = {7.11.2},
    author          = {E. Amiclar II Fraipont},
    journaltitle    = {O Estado de S. Paulo},
    location        = {São Paulo},
    issue           = {30 nov.},
    date            = {1998},
    note            = {Caderno 2, Visuais. p. D2. 1 fotografia, p\&b. Foto
                       apresentada no Projeto \mkbibacro{ABRA}/Coca-cola},
}

@image{oque1985,
    keywords        = {7.11.2},
    title           = {O~que acreditar em relação à maconha},
    location        = {São Paulo},
    publisher       = {\mkbibacro{CERAVI}},
    date            = {1985},
    note            = {22 transparências, color., 25 cm $\times$ 20 cm},
}

@image{odescobrimento1985,
    keywords        = {7.11.2},
    title           = {O~descobrimento do Brasil},
    titleaddon      = {Fotografia de Carmem Souza. Gravação de Marcos Lourenço.},
    location        = {São Paulo},
    publisher       = {\mkbibacro{CERAVI}},
    date            = {1985},
    note            = {31 diapositivos, color. + 1
                       cassete sonoro (15 min), mono},
    % editora         = {Carmem Souza},
    % editoratype     = {photographer},
    % editorb         = {Marcos Lourenço},
    % editorbtype     = {recorder},
    % O ideal seria usar os campos `editora` e `editoratype` em vez de
    % `titleaddon`.
}

@image{samu1977,
    keywords        = {7.11.2},
    author          = {R. Samú},
    title           = {Vitória, 18,35 horas},
    date            = {1977},
    note            = {1 gravura, serigraf., color., 46 cm $\times$ 63 cm.
                       Coleção Particular},
    options         = {noslsn},
}

@image{mattos1987,
    keywords        = {7.11.2},
    author          = {M. D. Mattos},
    title           = {Paisagem-Quatro Barras},
    date            = {1987},
    note            = {1 original de arte, óleo sobre tela,
                       40 cm $\times$ 50 cm. Coleção particular.},
    options         = {noslsn},
}

@image{levi1997a,
    keywords        = {7.11.2},
    author          = {R. Levi},
    title           = {Edifício Columbus de propriedade de Lamberto
                       Ramengoni à Rua da Paz, esquina da Avenida
                       Brigadeiro Luiz Antonio},
    subtitle        = {n. 1930-33},
    date            = {1997},
    pagetotal       = {108},
    bookpagination  = {sheet},
    note            = {Plantas diversas. Originais em papel vegetal},
    options         = {noslsn},
}

@image{datum1996,
    keywords        = {7.11.2},
    organization    = {Datum Consultoria e Projetos},
    title           = {Hotel Porto do Sol São Paulo},
    subtitle        = {ar condicionado e ventilação mecânica:
                       fluxograma hidráulico, central de água gelada},
    options         = {noslsn},
    date            = {1996-06-15},
    note            = {Projeto final. Desenhista: Pedro. N.
                       da obra: 1744/96/Folha 10},
}

@image{vaso1999,
    keywords        = {7.11.3},
    title           = {VASO.TIFF},
    date            = {1999},
    note            = {Altura: 1083 pixels. Largura: 827 pixels.
                       300 dpi. 32 \mkbibacro{BIT} \mkbibacro{CMYK}. 3.5 Mb.
                       Formato \mkbibacro{TIFF} bitmap. Compactado.},
    url             = {C:/Carol/VASO.TIFF},
    urldate         = {1999-10-28},
    options         = {noslsn},
}

@image{geddes2000,
    keywords        = {7.11.3},
    author          = {Anne Geddes},
    title           = {Geddes135.jpg},
    date            = {2000},
    note            = {Altura: 432 pixels. Largura: 376 pixels.
                       51 Kb. Formato \mkbibacro{JPEG}. 1 disquete, 5¼ pol.},
    options         = {noslsn},
}

@inbook{estacao1999,
    keywords        = {7.11.3},
    title           = {Estação da Cia. Paulista com locomotiva elétrica
                       e linhas de bitola larga},
    titleaddon      = {1 fotografia, p\&b},
    bookauthor      = {Eduardo Luiz Veiga Lopes},
    booktitle       = {Memória fotográfica de Araraquara},
    publisher       = {Prefeitura do Município de Araraquara},
    location        = {Araraquara},
    date            = {1999},
    addendum        = {1 \mkbibacro{CD-ROM}},
}

@image{stockdale2002,
    keywords        = {7.11.3},
    author          = {René Stockdale},
    title           = {When's recess?},
    year            = {[2002?]},
    sortyear        = {2002},
    note            = {1 fotografia, color.},
    url             = {http://www.webshots.com/g/d2002/1-nw/20255.html},
    urldate         = {2001-01-13},
    options         = {noslsn},
}

% <<<

% section 7.12 >>>2

@book{atlas1981,
    keywords        = {7.12.1},
    title           = {Atlas Mirador Internacional},
    location        = {Rio de Janeiro},
    publisher       = {Enciclopédia Britânica do Brasil},
    date            = {1981},
    note            = {1 atlas. Escalas variam.},
}

@manual{instituto1994,
    keywords        = {7.12.1},
    author          = {{Instituto Geográfico e Cartográfico\nopunct}},
    nameaddon       = {(São Paulo, SP)},
    title           = {Regiões de governo do Estado de São Paulo},
    location        = {São Paulo},
    date            = {1994},
    note            = {1 atlas. Escala 1:2.000},
    % Para que o "(São Paulo, SP)" fique em minúsculas, pode-se usar
    % `\nopunct` para omitir o ponto depois do autor e então acrescentar
    % essa informação no campo `nameaddon`. Também é possível usar o campo
    % `authortype` para essa informação, mas "São Paulo" nãe é exatamente um
    % tipo de autor, embora a ABNT imprima como se fosse.
    % Nenhuma dessas possibilidades é ideal, e provavelmente causariam
    % problemas em outros estilos, mas como a ABNT é inconsistente é
    % necessário fazer algo assim.
}

@misc{brasil1981a,
    keywords        = {7.12.1},
    title           = {Brasil e parte da América do Sul},
    location        = {São Paulo},
    publisher       = {Michalany},
    date            = {1981},
    note            = {1 mapa. Escala 1:600.000},
}

@misc{brasil1981b,
    keywords        = {7.12.2},
    title           = {Brasil e parte da América do Sul},
    subtitle        = {mapa político, escolar, rodoviário,
                       turístico e regional},
    location        = {São Paulo},
    publisher       = {Michalany},
    date            = {1981},
    note            = {1 mapa, color., 79 cm $\times$ 95 cm.
                       Escala 1:600.000},
}

@image{instituto1986,
    keywords        = {7.12.2},
    author          = {{Instituto Geográfico e Cartográfico\nopunct}},
    nameaddon       = {(São Paulo, SP)},
    title           = {Projeto Lins Tupã},
    subtitle        = {foto aérea},
    location        = {São Paulo},
    date            = {1986},
    note            = {1 fotografia aérea. Escala 1:35.000. Fx 28, n. 15.},
    options         = {noslsn},
    % Para que o "(São Paulo, SP)" fique em minúsculas, pode-se usar
    % `\nopunct` para omitir o ponto depois do autor e então acrescentar
    % essa informação no campo `nameaddon`. Também é possível usar o campo
    % `authortype` para essa informação, mas "São Paulo" nãe é exatamente um
    % tipo de autor, embora a ABNT imprima como se fosse.
    % Nenhuma dessas possibilidades é ideal, e provavelmente causariam
    % problemas em outros estilos, mas como a ABNT é inconsistente é
    % necessário fazer algo assim.
}

@image{landsat1987,
    keywords        = {7.12.2},
    title           = {\mkbibacro{LANDSAT} \mkbibacro{TM} 5},
    subtitle        = {imagem de satélide},
    location        = {São José dos Campos},
    publisher       = {Instituto Nacional de Pesquisas Espaciais},
    date            = {1987/1988},
    note            = {1 fotografia aérea. Escala 1:100.000. Canais 3, 4 e
                       composição colorida 3, 4 e 5},
}

@image{estados1999,
    keywords        = {7.12.3},
    author          = {{Estados Unidos}},
    nameaddon       = {National Oceanic and Atmospheric Administration},
    title           = {1999071318.GIF},
    location        = {Itajaí},
    date            = {1999},
    publisher       = {\mkbibacro{UNIVALI}},
    note            = {1 imagem de satélite. 557 Kb.  \mkbibacro{GOES}-08:
                       \mkbibacro{SE}. 13 jul. 1999, 17:42Z, \mkbibacro{IR04}.
                        1 disquete, 3½ pol.},
}

@article{percentagem1994,
    keywords        = {7.12.3},
    title           = {Percentagem de imigrantes em São Paulo, 1920},
    titleaddon      = {1 mapa, color. Escala indeterminável.},
    journaltitle    = {Neo Interativa},
    location        = {Rio de Janeiro},
    number          = {2},
    issue           = {inverno},
    year            = {1994},
    note            = {1 \mkbibacro{CD-ROM}},
}

@misc{florida2000,
    keywords        = {7.12.3},
    author          = {{Florida Museum of Natural History}},
    title           = {1931-2000 Brazil's confirmed unprovoked shark attacks},
    location        = {Gainesville},
    year            = {[2000?].},
    sortyear        = {2000},
    note            = {1 mapa, color. Escala 1:40.000.000},
    url             = {http://www.flmnh.ufl.edu/fish/Sharks/
                       statistics/Gattack/map/Brazil.jpg},
    urldate         = {2002-01-15},
    options         = {nosn},
    % É necessário pôr o ponto depois do ano manualmente
    % porque o biblatex acha que o ponto de interrogação já é suficiente.
}

@misc{mapa2001,
    keywords        = {7.12.3},
    title           = {Mapa de Ubicación},
    subtitle        = {vista ampliada},
    publisher       = {Dirección de Salud y Acción Social de la Armada},
    location        = {Buenos Aires},
    year            = {c2001},
    sortyear        = {2001},
    note            = {1 mapa, color. Escala indeterminável},
    url             = {http://www.diba.org/turismo/hoteles/
                       ushuaia/ubicacion2.htm},
    urldate         = {2002-01-13},
}

% <<<

% section 7.13 >>>2

@audio{alcione1988a,
    keywords        = {7.13},
    author          = {Alcione},
    title           = {Ouro e cobre},
    location        = {São Paulo},
    publisher       = {\mkbibacro{RCA} Victor},
    year            = {p1988},
    sortyear        = {1988},
    note            = {1 disco sonoro},
}

@audio{mpb1995,
    keywords        = {7.13},
    title           = {\mkbibacro{MPB} especial},
    location        = {[Rio de Janeiro]},
    publisher       = {Globo: Movieplay},
    year            = {c1995},
    sortyear        = {1995},
    note            = {1 \mkbibacro{CD}},
}

@audio{alcione1988b,
    keywords        = {7.13},
    author          = {Alcione},
    title           = {Ouro e cobre},
    titleaddon      = {Direção artística: Miguel Propschi},
    location        = {São Paulo},
    publisher       = {\mkbibacro{RCA} Victor},
    year            = {p1988},
    sortyear        = {1988},
    note            = {1 disco sonoro (45 min),
                       33 1/3 rpm, estero., 12 pol.},
    % editor          = {Miguel Propschi},
    % editortype      = {artdir},
    % O ideal seria usar os campos `editor` e `editortype` em vez de
    % `titleaddon`.
}

@audio{silva1991,
    keywords        = {7.13},
    author          = {Luiz Inácio Lula da Silva},
    title           = {Luiz Inácio Lula da Silva},
    titleaddon      = {Entrevistadores: V. Tremel e M. Garcia},
    subtitle        = {depoimento [abr. 1991]},
    location        = {São Paulo},
    publisher       = {\mkbibacro{SENAI-SP}},
    date            = {1991},
    note            = {2 cassetes sonoros. Entrevista concedida
                       ao Projeto Memória do \mkbibacro{SENAI-SP}},
    % editor        = {V. Tremel and M. Garcia},
    % editortype    = {interviewer},
    % O ideal seria usar os campos `editor` e `editortype` em vez de
    % `titleaddon`.
}

@audio{fagner1988,
    keywords        = {7.13},
    author          = {R. Fagner},
    title           = {Revelação},
    location        = {Rio de Janeiro},
    publisher       = {\mkbibacro{CBS}},
    date            = {1988},
    note            = {1 cassete sonoro (60 min), 3¾ pps, estereo},
}

@audio{costa1977a,
    keywords        = {7.13},
    author          = {Simone},
    title           = {Face a face},
    publisher       = {Emi-Odeon Brasil},
    year            = {p1977},
    sortyear        = {1977},
    note            = {1 \mkbibacro{CD} (ca. 40 min). Remasterizado em
                       digital},
}

% <<<

% section 7.14 >>>2

@inbook{costa1977b,
    keywords        = {7.14},
    author          = {S. Costa and A. Silva},
    title           = {Jura secreta},
    titleaddon      = {Intérprete: Simone},
    bookauthor      = {Simone},
    booktitle       = {Face a face},
    publisher       = {Emi-Odeon Brasil},
    year            = {p1977},
    sortyear        = {1977},
    note            = {1 \mkbibacro{CD}. Faixa 7},
    % editor          = {Simone},
    % editortype      = {interpreter},
    % O ideal seria usar os campos `editor` e `editortype` em vez de
    % `titleaddon`.
}

@inbook{gino1988,
    keywords        = {7.14},
    author          = {A. Gino},
    title           = {Toque macio},
    titleaddon      = {Intérprete: Alcione},
    bookauthor      = {Alcione},
    booktitle       = {Ouro e cobre},
    location        = {São Paulo},
    publisher       = {\mkbibacro{RCA} Victor},
    year            = {p1988},
    sortyear        = {1988},
    note            = {1 disco sonoro. Lado A, faixa 1},
    % editor          = {Alcione},
    % editortype      = {interpreter},
    % O ideal seria usar os campos `editor` e `editortype` em vez de
    % `titleaddon`.
}

@inbook{alcione1988c,
    keywords        = {7.14},
    author          = {A. Gino},
    title           = {Toque macio},
    titleaddon      = {Intérprete: Alcione},
    bookauthor      = {Alcione},
    booktitle       = {Ouro e cobre},
    booktitleaddon  = {Direção artística: Miguel Propschi},
    location        = {São Paulo},
    publisher       = {\mkbibacro{RCA} Victor},
    year            = {p1988},
    sortyear        = {1988},
    note            = {1 disco sonoro (45 min), 33 1/3 rpm,
                       estereo., 12 pol. Lado A, faixa 1 (4 min 3 s)},
}

% <<<

% section 7.15 >>>2

@misc{bartok1952a,
    keywords        = {7.15.1},
    author          = {Béla Bartók},
    title           = {O mandarim maravilhoso},
    location        = {Wien},
    publisher       = {Universal},
    date            = {1952},
    note            = {1 partitura. Orquestra},
}

@misc{gallet1851,
    keywords        = {7.15.1},
    editor          = {Luciano Gallet},
    editortype      = {organizer},
    title           = {Canções populares brasileiras},
    location        = {Rio de Janeiro},
    publisher       = {Carlos Wehns},
    date            = {1851},
    note            = {1 partitura (23 p.). Piano},
}

@misc{bartok1952b,
    keywords        = {7.15.2},
    author          = {Béla Bartók},
    title           = {O mandarim maravilhoso},
    subtitle        = {op. 19},
    location        = {Wien},
    publisher       = {Universal},
    date            = {1952},
    note            = {1 partitura. Orquestra},
}

@misc{oliva2002,
    keywords        = {7.15.3},
    author          = {Marcos Oliva and Tiago Mocotó},
    title           = {Fervilhar},
    subtitle        = {frevo},
    year            = {[19-{}-?]},
    sortyear        = {1900},
    note            = {1 partitura. Piano},
    url             = {http://openlink.br.inter.net/picolino/partitur.htm},
    urldate         = {2002-01-05},
    options         = {noslsn},
}

% <<<

% section 7.16 >>>2

@artwork{duchamp1918a,
    keywords        = {7.16},
    author          = {Marcel Duchamp},
    title           = {Escultura para viajar},
    date            = {1918},
    note            = {1 escultura variável},
    options         = {noslsn},
}

@artwork{bule0000a,
    keywords        = {7.16},
    title           = {Bule de porcelana},
    note            = {[China: Companhia das Índias, 18-{}-]. 1 bule},
    options         = {noslsn},
}

@artwork{duchamp1918b,
    keywords        = {7.16},
    author          = {Marcel Duchamp},
    title           = {Escultura para viajar},
    date            = {1918},
    note            = {1 escultura variável, borracha colorida e cordel.
                       Original destruído. Cópia por Richard Hamilton,
                       feita por ocasião da retrospectiva de Duchamp
                       na Tate Gallery (Londres) em 1966. Coleção de Arturo
                       Schwarz. Tradução de: Sculpture for travelling},
    options         = {noslsn},
}

@artwork{bule0000b,
    keywords        = {7.16},
    title           = {Bule de porcelana},
    subtitle        = {família rosa, decorado com buquês e guirlandas de
                       flores
                       sobre fundo branco, pegador de tampa em formato de
                       fruto},
    note            = {[China: Companhia das Índias, 18-{}-]. 1 bule},
    options         = {noslsn},
}

% <<<

% section 7.17 >>>2

@software{microsoft1995a,
    keywords        = {7.17},
    title           = {Microsoft Project for Windows 95},
    titleaddon      = {Version 4.1},
    publisher       = {Microsoft Corporation},
    date            = {1995},
    note            = {1 \mkbibacro{CD-ROM}},
}

@software{universidade1998a,
    keywords        = {7.17},
    author          = {{Universidade Federal do Paraná}},
    nameaddon       = {Biblioteca Central},
    title           = {Normas.doc},
    location        = {Curitiba},
    date            = {1998},
    note            = {5 disquetes},
    options         = {noslsn},
}

@software{allie1993a,
    keywords        = {7.17},
    title           = {Allie's play house},
    location        = {Palo Alto, CA\adddot},
    publisher       = {\mkbibacro{MPC}/Opcode Interactive},
    date            = {1993},
    note            = {1 \mkbibacro{CD-ROM}},
}

@inbook{acaros1998,
    keywords        = {7.17},
    title           = {Ácaros no Estado de São Paulo},
    bookauthor      = {{Fundação Tropical de Pesquisas e Tecnologia ``André Tosello''}},
    booktitle       = {Base de Dados Tropical},
    date            = {1985},
    url             = {http://www.bdt.org/bdt/acarosp},
    % urldate         = {2002-03-30},
    addendum        = {Acesso em: 30 maio 2002},
    options         = {noslsn},
}

@software{microsoft1995b,
    keywords        = {7.17},
    title           = {Microsoft Project for Windows 95},
    subtitle        = {project planning software},
    titleaddon      = {Version 4.1},
    publisher       = {Microsoft Corporation},
    date            = {1995},
    note            = {1 \mkbibacro{CD-ROM}},
}

@software{allie1993b,
    keywords        = {7.17},
    title           = {Allie's play house},
    location        = {Palo Alto, CA\adddot},
    publisher       = {\mkbibacro{MPC}/Opcode Interactive},
    date            = {1993},
    note            = {1 \mkbibacro{CD-ROM}. Windows 3.1},
}

@software{universidade1998b,
    keywords        = {7.17},
    author          = {{Universidade Federal do Paraná}},
    nameaddon       = {Biblioteca Central},
    title           = {Normas.doc},
    subtitle        = {normas para apresentação de trabalhos},
    location        = {Curitiba},
    date            = {1998},
    note            = {5 disquetes, 3$1/2$ pol. Word for Windows 7.0},
    options         = {noslsn},
}

@online{aves1998,
    keywords        = {7.17},
    title           = {Aves do Amapá},
    subtitle        = {banco de dados},
    url             = {http://www.bdt.org/bdt/avifauna/aves},
    % urldate         = {2002-05-30},
    addendum        = {Acesso em: 30 maio 2002},
    options         = {noslsn},
}

@online{bioline1998,
    keywords        = {7.17},
    title           = {Bioline Discussion List. List maintained
                       by the Bases de Dados Tropical, \mkbibacro{BDT} in
                       Brasil},
    url             = {http://lisserv@bdt.org.br},
    urldate         = {1998-11-25},
    options         = {noslsn},
}

@online{civitas1995,
    keywords        = {7.17},
    title           = {Civitas},
    titleaddon      = {Coordenação de Simão Pedro P. Marinho},
    date            = {1995/1998},
    note            = {Desenvolvido pela Pontifícia Universidade Católica
                       de Minas Gerais 1995-1998. Apresenta textos sobre
                       urbanismo e desenvolvimento de cidades},
    url             = {http://www.gcsnet.com/oamis/civitas},
    urldate         = {1998-11-27},
    options         = {noslsn},
    % editora         = {Simão Pedro P. Marinho},
    % editoratype     = {coordinator},
    % O ideal seria usar os campos `editora` e `editoratype` em vez de
    % `titleaddon`.
}

@online{galeria1998,
    keywords        = {7.17},
    title           = {Galeria virtual de arte do Vale do Paraíba},
    location        = {São José dos Campos},
    publisher       = {Fundação Cultural Cassiano Ricardo},
    date            = {1998},
    note            = {Apresenta reproduções virtuais de obras
                       de artistas plásticos do Vale do Paraíba},
    url             = {http://www.virtualvale.com.br/galeria},
    urldate         = {1998-11-27},
}

@online{almeida2002,
    keywords        = {7.17},
    author          = {M. P. S. Almeida},
    title           = {Fichas para \mkbibacro{MARC}\nopunct},
    titleaddon      = {[mensagem pessoal]. Mensagem recebida
                       por <\texttt{mtmendes@uol.com.br}> em 12 jan. 2002.},
    options         = {noslsn},
}

% <<<

% <<<

% section 8 >>>1

% section 8.1 >>>2

@book{alves1995,
    keywords        = {8.1.1},
    author          = {{Roque de Brito} Alves},
    title           = {Ciência criminal},
    location        = {Rio de Janeiro},
    publisher       = {Forense},
    date            = {1995},
}

@book{damiao1995,
    keywords        = {8.1.1},
    author          = {Regina Toledo Damião and Antonio Henriques},
    title           = {Curso de direito judrídico},
    location        = {São Paulo},
    publisher       = {Atlas},
    date            = {1995},
}

@book{passos1995,
    keywords        = {8.1.1},
    author          = {L. M. M. Passos and A. Fonseca and M. Chaves},
    title           = {Alegria de saber},
    subtitle        = {matemática, segunda série, 2,
                       primeiro grau: livro do professor},
    location        = {São Paulo},
    publisher       = {Scipione},
    date            = {1995},
    pagetotal       = {136},
}

@book{urani1994,
    keywords        = {8.1.1},
    author          = {A. Urani and others},
    title           = {Constituição de uma matriz
                       de contabilidade social para o Brasil},
    location        = {Brasília, DF},
    publisher       = {\mkbibacro{IPEA}},
    date            = {1994},
}

@collection{ferreira1991,
    keywords        = {8.1.1},
    editor          = {Leslie Piccolotto Ferreira},
    editortype      = {organizer},
    title           = {O fonoaudiólogo e a escola},
    location        = {São Paulo},
    publisher       = {Summus},
    date            = {1991},
}

@book{marcondes1993,
    keywords        = {8.1.1},
    editor          = {E. Marcondes and I. N. de Lima},
    editortype      = {coordinator},
    title           = {Dietas em pediatria clínica},
    edition         = {4},
    location        = {São Paulo},
    publisher       = {Sarvier},
    date            = {1993},
}

@book{moore1960a,
    keywords        = {8.1.1},
    editor          = {W. Moore},
    title           = {Construtivismo del movimiento educacional},
    subtitle        = {soluciones},
    location        = {Córdoba, AR.\isdot},
    date            = {1960},
}

@book{lujan1993,
    keywords        = {8.1.1},
    editor          = {Roger Patrón Lujan},
    editortype      = {compiler},
    title           = {Um presente especial},
    titleaddon      = {Tradução Sonia da Silva},
    edition         = {3},
    location        = {São Paulo},
    publisher       = {Aquariana},
    date            = {1993},
    pagetotal       = {167},
}

@book{diniz1994,
    keywords        = {8.1.1},
    author          = {Júlio Diniz},
    title           = {As pupilas do senhor reitor},
    edition         = {15},
    location        = {São Paulo},
    publisher       = {Ática},
    date            = {1994},
    pagetotal       = {263},
    series          = {Série Bom Livro},
}

@book{dante1983,
    keywords        = {8.1.1},
    author          = {{Dante Alighieri}},
    title           = {A divina comédia},
    titleaddon      = {Tradução, prefácio e notas: Hernâni Donato.},
    location        = {São Paulo},
    publisher       = {Círculo do Livro},
    year            = {[1983]},
    sortyear        = {1983},
    pagetotal       = {344},
    % editor          = {Hernâni Donato},
    % editortype      = {translatoranfo},
    % O ideal seria usar os campos `editor` e `editortype` em vez de
    % `titleaddon`.
}

@book{gomes1995,
    keywords        = {8.1.1},
    author          = {Orlando Gomes},
    title           = {O direito de família},
    titleaddon      = {Atualização e notas de Humberto Theodoro Júnior},
    edition         = {11},
    date            = {1995},
    publisher       = {Forense},
    location        = {Rio de Janeiro},
    pagetotal       = {562},
    % editor     = {Humberto Theodoro Júnior},
    % editortype = {updateran},
    % O ideal seria usar os campos `editor` e `editortype` em vez de
    % `titleaddon`.
}

@book{albergaria1994,
    keywords        = {8.1.1},
    author          = {Lino de Albergaria},
    title           = {Cinco anos sem chover},
    subtitle        = {história de Lino Albergaria},
    titleaddon      = {Ilustrações de Paulo Lyra},
    edition         = {12},
    location        = {São Paulo},
    publisher       = {\mkbibacro{FTD}},
    date            = {1994},
    pagetotal       = {63},
    % editor          = {Paulo Lyra},
    % editortype      = {illustrator},
    % O ideal seria usar os campos `editor` e `editortype` em vez de
    % `titleaddon`.
}

@book{chevalier1990,
    keywords        = {8.1.1},
    author          = {Jean Chevalier and Alain Gheerbrant},
    title           = {Dicionário de símbolos},
    titleaddon      = {Tradução Vera da Costa e Silva et al.},
    edition         = {3. ed. rev. e aum.},
    date            = {1990},
    publisher       = {J. Olympio},
    location        = {Rio de Janeiro},
    % translator      = {Vera da Costa e Silva and others},
    % O ideal seria usar o campo `translator`.
}

@standard{associação1988,
    keywords        = {8.1.2},
    author          = {{Associação Brasileira de Normas Técnicas}},
    title           = {\mkbibacro{NBR} 10520},
    subtitle        = {informação e documentação:
                       citações em documentos: apresentação},
    location        = {Rio de Janeiro},
    date            = {2002},
    options         = {noslsn},
}

@booklet{universidade1993,
    keywords        = {8.1.2},
    author          = {{Universidade de São Paulo}},
    title           = {Catálogo de teses da Universidade de São Paulo, 1992},
    location        = {São Paulo},
    date            = {1993},
    pagetotal       = {467},
    options         = {noslsn},
}

@proceedings{congresso1979,
    keywords        = {8.1.2},
    eventtitle      = {Congresso Brasileiro de Biblioteconomia e
                       Documentação},
    number          = {10},
    eventdate       = {1979},
    venue           = {Curitiba},
    title           = {Anais [\ldots]},
    location        = {Curitiba},
    publisher       = {Associação Bibliotecária do Paraná},
    date            = {1979},
    volumes         = {3},
}

@manual{saopaulo1993,
    keywords        = {8.1.2},
    author          = {{São Paulo}},
    authortype      = {Estado},
    nameaddon       = {Secretaria do Meio Ambiente},
    title           = {Diretrizes para a politica ambiental
                       do Estado de São Paulo},
    location        = {São Paulo},
    date            = {1993},
    pagetotal       = {35},
}

@report{brasil1993,
    keywords        = {8.1.2},
    author          = {{Brasil}},
    nameaddon       = {Ministério da Justiça},
    title           = {Relatório de atividades},
    location        = {Brasília, DF},
    date            = {1993},
    pagetotal       = {28},
}

@report{biblioteca1985,
    keywords        = {8.1.2},
    author          = {{Biblioteca Nacional\nopunct}},
    nameaddon       = {(Brasil)},
    title           = {Relatório da diretoria-geral},
    subtitle        = {1984},
    location        = {Rio de Janeiro},
    date            = {1985},
    pagetotal       = {40},
    % Para que o "(Brasil)" fique em minúsculas, pode-se usar
    % `\nopunct` para omitir o ponto depois do autor e então acrescentar
    % essa informação no campo `nameaddon`. Também é possível usar o campo
    % `authortype` para essa informação, mas "Brasil" nãe é exatamente um
    % tipo de autor, embora a ABNT imprima como se fosse.
    % Nenhuma dessas possibilidades é ideal, e provavelmente causariam
    % problemas em outros estilos, mas como a ABNT é inconsistente é
    % necessário fazer algo assim.
}

@report{biblioteca1983,
    keywords        = {8.1.2},
    author          = {{Biblioteca Nacional\nopunct}},
    nameaddon       = {(Portugal)},
    title           = {O 24 de julho de 1833 e a guerra civil de 1829-1834},
    location        = {Lisboa},
    date            = {1983},
    pagetotal       = {95},
    % Para que o "(Portugal)" fique em minúsculas, pode-se usar
    % `\nopunct` para omitir o ponto depois do autor e então acrescentar
    % essa informação no campo `nameaddon`. Também é possível usar o campo
    % `authortype` para essa informação, mas "Portugal" nãe é exatamente um
    % tipo de autor, embora a ABNT imprima como se fosse.
    % Nenhuma dessas possibilidades é ideal, e provavelmente causariam
    % problemas em outros estilos, mas como a ABNT é inconsistente é
    % necessário fazer algo assim.
}

@book{diagnostico1993,
    keywords        = {8.1.3},
    title           = {Diagnóstico do setor editorial brasileiro},
    location        = {São Paulo},
    publisher       = {Câmara Brasileira do Livro},
    date            = {1993},
    pagetotal       = {64},
}

% <<<

% section 8.2 >>>2

@book{pastro1993a,
    keywords        = {8.2},
    author          = {C. Pastro},
    title           = {Arte sacra},
    location        = {São Paulo},
    publisher       = {Loyola},
    date            = {1993},
}

@book{pastro1993b,
    keywords        = {8.2},
    author          = {C. Pastro},
    title           = {Arte sacra},
    subtitle        = {espaço sagrado hoje},
    location        = {São Paulo},
    publisher       = {Loyola},
    date            = {1993},
    pagetotal       = {343},
}

@book{arte1992,
    keywords        = {8.2},
    title           = {Arte de furtar\ldots},
    date            = {1992},
    publisher       = {Nova Fronteira},
    location        = {Rio de Janeiro},
}

@misc{levi1997b,
    keywords        = {8.2},
    author          = {R. Levi},
    title           = {Edifício Columbus\nopunct},
    titleaddon      = {\unspace\ldots: n. 1930-33},
    date            = {1997},
    pagetotal       = {108},
    bookpagination  = {sheet},
    note            = {Plantas diversas. Originais em papel vegetal},
    options         = {noslsn},
    % Aqui é usado o campo `titleaddon` em vez de `subtitle` para que as
    % reticências não fiquem enfatizadas com o resto do título, como está no
    % manual (estranhamente).
}

@book{golsalves1971,
    keywords        = {8.2},
    editor          = {Paulo Eiró Gonsalves},
    editortype      = {organizer},
    title           = {A criança},
    subtitle        = {perguntas e respostas: médicos, psicólogos,
                       professores, técnicos, dentistas\ldots},
    foreword        = {Carlos da Silva Lacaz},
    location        = {São Paulo},
    publisher       = {Cultrix: Ed. da \mkbibacro{USP}},
    date            = {1971},
}

@periodical{saopaulo1941b,
    keywords        = {8.2},
    title           = {São Paulo Medical Journal = Revista Paulista de
                       Medicina},
    location        = {São Paulo},
    publisher       = {Associação Paulista de Medicina},
    year            = {1941-~.},
    sortyear        = {1941},
    note            = {Bimensal},
    issn            = {0035-0362},
}

@periodical{revista1973,
    keywords        = {8.2},
    title           = {Revista brasileira de biblioteconomia e documentação},
    location        = {São Paulo},
    publisher       = {\mkbibacro{FEBAB}},
    date            = {1973/1992},
}

@periodical{boletim1965a,
    keywords        = {8.2},
    title           = {Boletim Estatístico {[da] Rede Ferroviária Federal}},
    location        = {Rio de Janeiro},
    year            = {1965-~.},
    sortyear        = {1965},
    note            = {Trimestral},
    options         = {noslsn},
}

@article{leitao1989,
    keywords        = {8.2},
    author          = {D. M. Leitão},
    title           = {A informação como insumo estratégico},
    journaltitle    = {Ci. Inf.},
    location        = {Brasília, DF},
    volume          = {22},
    number          = {2},
    pages           = {118-123},
    issue           = {maio/ago.},
    year            = {1989},
}

@proceedings{simposio1978,
    keywords        = {8.2},
    eventtitle      = {Simpósio Brasileiro de Aquicultura},
    number          = {1},
    eventdate       = {1978},
    venue           = {Recife},
    title           = {[Trabalhos apresentados]},
    location        = {Rio de Janeiro},
    publisher       = {Academia Brasileira de Ciências},
    date            = {1980},
    pagetotal       = {ii, 412},
}

% <<<

% section 8.3 >>>2

@book{schaum1956,
    keywords        = {8.3},
    author          = {Daniel Schaum},
    title           = {Schaum's outline of theory and problems},
    edition         = {5th. ed},
    location        = {New York},
    publisher       = {Schaum Publishing},
    date            = {1956},
    pagetotal       = {204},
}

@book{pedrosa1995,
    keywords        = {8.3},
    author          = {Israel Pedrosa},
    title           = {Da cor à cor inexistente},
    edition         = {6},
    location        = {Rio de Janeiro},
    publisher       = {L. Cristiano},
    date            = {1995},
    pagetotal       = {219},
}

@standard{francca1996,
    keywords        = {8.3},
    author          = {Júnia Lessa França and others},
    title           = {Manual para normalização
                       de publicações técnico-científicas},
    edition         = {3. ed. rev. e aum.},
    location        = {Belo Horizonte},
    publisher       = {Ed. da \mkbibacro{UFMG}},
    date            = {1996},
}

@software{astrology1994,
    keywords        = {8.3},
    title           = {Astrology source},
    titleaddon      = {Version 1.0A},
    location        = {Seattle},
    publisher       = {Multicom Publising},
    year            = {c1994},
    sortyear        = {1994},
    note            = {1 \mkbibacro{CD-ROM}},
}

% <<<

% section 8.4 >>>2

@book{zani1995,
    keywords        = {8.4},
    author          = {R. Zani},
    title           = {Beleza, saúde e bem-estar},
    location        = {São Paulo},
    publisher       = {Saraiva},
    date            = {1995},
    pagetotal       = {173},
}

@book{swokowski1994,
    keywords        = {8.4},
    author          = {E. W. Swokowski and V. R. L. F. Flores and Q. M.
                       Moreno},
    title           = {Cálculo de geometria analítica},
    titleaddon      = {Tradução de Alfredo Alves de Faria.
                       Revisão técnica Antonio Pertence Júnior},
    edition         = {2},
    location        = {São Paulo},
    publisher       = {Makron Books do Brasil},
    date            = {1994},
    note            = {2 v.},
    % translator      = {Alfredo Alves de Faria},
    % editor          = {Antonio Pertence Júnior},
    % editortype      = {techrev},
    % O ideal seria usar os campos `editor` e `editortype` em vez de
    % `titleaddon`.
}

@book{lazzarini1994,
    keywords        = {8.4},
    author          = {Lazzarini Neto, Sylvio},
    title           = {Cria e recria},
    location        = {[São Paulo]},
    publisher       = {\mkbibacro{SDF} Editores},
    date            = {1994},
    pagetotal       = {108},
}

@book{osgrandes1981,
    keywords        = {8.4},
    title           = {Os~grandes clássicos das poesias líricas},
    publisher       = {Ex Libris},
    date            = {1981},
    pagetotal       = {60},
    bookpagination  = {sheet},
}

@book{krieger1992,
    keywords        = {8.4},
    author          = {Gustavo Krieger and Luís Antonio Novaes and Tales
                       Faria},
    title           = {Todos os sócios do presidente},
    edition         = {3},
    publisher       = {Scritta},
    date            = {1992},
    pagetotal       = {195},
}

% <<<

% section 8.5 >>>2

@book{daghalian1995,
    keywords        = {8.5},
    author          = {Jacob Daghlian},
    title           = {Lógica e álgebra de Boole},
    edition         = {4},
    location        = {São Paulo},
    publisher       = {Atlas},
    date            = {1995},
    pagetotal       = {167},
    illustrated     = {il.},
    note            = {Bibliografia: p. 166-167},
    isbn            = {85-224-1256-1},
}

@book{lima1985,
    keywords        = {8.5},
    author          = {M. Lima},
    title           = {Tem encontro com Deus},
    subtitle        = {teologia para leigos},
    location        = {Rio de Janeiro},
    publisher       = {J. Olympio},
    date            = {1985},
}

@book{goldfarb1995,
    keywords        = {8.5},
    editor          = {Ana Maria Alfonso-Goldfarb and Carlos A. Maia},
    editortype      = {coordinator},
    title           = {História da ciência},
    subtitle        = {o mapa do conhecimento},
    titleaddon      = {Rio de Janeiro: Expressão e Cultura;
                       São Paulo: \mkbibacro{EDUSP}, 1995},
    pagetotal       = {968},
    series          = {América 500 anos},
    number          = {2},
    options         = {noslsn},
    % O campo `titleaddon` é usado para imprimir dois locais e duas editoras.
}

@book{franco1993,
    keywords        = {8.5},
    author          = {I. Franco},
    title           = {Discursos},
    subtitle        = {de outubro de 1992 a agosto de 1993},
    location        = {Brasília, DF},
    date            = {1993},
    pagetotal       = {107},
}

@book{goncalves1993,
    keywords        = {8.5},
    author          = {F. B. Gonçalves},
    title           = {A história de Mirador},
    date            = {1993},
}

@manual{universidade1994,
    keywords        = {8.5},
    author          = {{Universidade Federal de Viçosa}},
    title           = {Catálogo de graduação, 1994-1995},
    location        = {Viçosa, MG},
    date            = {1994},
    pagetotal       = {385},
}

@book{ribeiro2001,
    keywords        = {8.5},
    author          = {{Antonia Motta de Castro Memória} Ribeiro},
    title           = {\mkbibacro{AACR2}, Anglo American Cataloguing
                       Rules\nopunct},
    titleaddon      = {\unspace, 2\textsuperscript{nd} edition:
                       descrição e pontos de acesso},
    date            = {2001},
    edition         = {2. ed. rev. e atual.},
    location        = {Brasília, DF},
    options         = {noslsn},
    % O "de" no nome da autora é colocado desse modo para que apenas o último
    % nome seja impresso em maiúsculas (em vez de tudo o que tem depois do
    % "de"). Cf. http://tex.stackexchange.com/a/308659/102699
    % Para o subtítulo é necessário usar o campo `titleaddon` para que parte
    % do título apareça em negrito/itálico e parte não.
}

% <<<

% section 8.6 >>>2

@book{leite1994,
    keywords        = {8.6},
    author          = {C. B. Leite},
    title           = {O século do desempenho},
    location        = {São Paulo},
    publisher       = {LTr},
    date            = {1994},
    pagetotal       = {160},
}

@book{cipolla1993,
    keywords        = {8.6},
    author          = {Sylvia Cipolla},
    title           = {Eu e a escola, 2ª série},
    location        = {São Paulo},
    publisher       = {Paulinas},
    year            = {c1993},
    sortyear        = {1993},
    pagetotal       = {63},
}

@book{florenzano1993,
    keywords        = {8.6},
    author          = {Everton Florenzano},
    title           = {Dicionário de idéias semelhantes},
    location        = {Rio de Janeiro},
    publisher       = {Ediouro},
    year            = {[1993]},
    sortyear        = {1993},
    pagetotal       = {383},
}

@book{ruch1926,
    keywords        = {8.6},
    author          = {G. Ruch},
    title           = {História geral da civilização},
    subtitle        = {da Antigüidade ao XX século},
    location        = {Rio de Janeiro},
    publisher       = {F. Briguiet},
    date            = {1926/1940},
    note            = {4 v.},
}

@periodical{globo1985,
    keywords        = {8.6},
    title           = {Globo Rural},
    location        = {São Paulo},
    publisher       = {Rio Gráfica},
    year            = {1985-~.},
    sortyear        = {1985},
    note            = {Mensal},
}

@periodical{desenvolvimento1957,
    keywords        = {8.6},
    title           = {Desenvolvimento \& Conjuntura},
    location        = {Rio de Janeiro},
    publisher       = {Confederação Nacional da Indústria},
    date            = {1957/1968},
    note            = {Mensal},
}

@article{alcarde1996,
    keywords        = {8.6},
    author          = {J. C. Alcarde and A. A. Rodella},
    title           = {O equivalente em carbonato de cálcio
                       dos corretivos da acidez dos solos},
    journaltitle    = {Scientia Agricola},
    location        = {Piracicaba},
    volume          = {53},
    number          = {2/3},
    pages           = {204-210},
    issue           = {maio/dez.},
    year            = {1996},
}

@article{bennetton1993,
    keywords        = {8.6},
    author          = {M. J. Bennetton},
    title           = {Terapia ocupacional e reabilitação psicossocial},
    subtitle        = {uma relação possível},
    journaltitle    = {Revista de Terapia Ocupacional
                       da Universidade de São Paulo},
    location        = {São Paulo},
    volume          = {4},
    number          = {3},
    pages           = {11-16},
    date            = {1993-03},
}

@article{mansilla1998b,
    keywords        = {8.6},
    author          = {H. C. F. Mansilla},
    title           = {La controversia entre universalismo y particularismo
                       en la filosofía de la cultura},
    journaltitle    = {Revista Latinoamericana de Filosofia},
    location        = {Buenos Aires},
    volume          = {24},
    number          = {2},
    issue           = {primavera},
    year            = {1998},
}

@article{figueirde1996,
    keywords        = {8.6},
    author          = {E. Figueiredo},
    title           = {Canadá e Antilhas},
    subtitle        = {línguas populares, oralidade e literatura},
    journaltitle    = {Gragoatá},
    location        = {Niterói},
    number          = {1},
    pages           = {127-136},
    issue           = {2. sem.},
    date            = {1996},
}

% <<<

% section 8.7 >>>2

@book{lucci1994,
    keywords        = {8.7},
    author          = {E. A. Lucci},
    title           = {Viver e aprender},
    subtitle        = {estudos sociais, 3: exemplar do professor},
    edition         = {3},
    location        = {São Paulo},
    publisher       = {Saraiva},
    date            = {1994},
    pagetotal       = {96, 7},
}

@book{felipe1994,
    keywords        = {8.7},
    author          = {Jorge Franklin Alves Felipe},
    title           = {Previdência social na prática forense},
    edition         = {4},
    location        = {Rio de Janeiro},
    publisher       = {Forense},
    date            = {1994},
    pagetotal       = {viii, 236},
}

@book{lellis1994,
    keywords        = {8.7},
    author          = {J. Jakubovic and M. Lellis},
    title           = {Matemática na medida certa, 8. série},
    subtitle        = {livro do professor},
    edition         = {2},
    location        = {São Paulo},
    publisher       = {Scipione},
    date            = {1994},
    pagetotal       = {208, xxi},
}

@book{piaget1980,
    keywords        = {8.7},
    author          = {Jean Piaget},
    title           = {Para onde vai a educação},
    edition         = {7},
    location        = {Rio de Janeiro},
    publisher       = {J. Olympio},
    date            = {1980},
    pagetotal       = {500},
}

@book{tabak1993,
    keywords        = {8.7},
    author          = {F. Tabak},
    title           = {A lei como instrumento de mudança social},
    location        = {Fortaleza},
    publisher       = {Fundação Waldemar Alcântara},
    date            = {1993},
    pagetotal       = {17},
    bookpagination  = {sheet},
}

@book{tourinho1994,
    keywords        = {8.7},
    author          = {Tourinho Filho, F. C.},
    title           = {Processo penal},
    edition         = {16. ed. rev. e atual.},
    location        = {São Paulo},
    publisher       = {Saraiva},
    date            = {1994},
    note            = {4 v.},
}

@book{silva1996b,
    keywords        = {8.7},
    author          = {De Plácido e Silva},
    title           = {Vocabulário jurídico},
    edition         = {4},
    location        = {Rio de Janeiro},
    publisher       = {Forense},
    date            = {1996},
    note            = {5 v. em 3},
}

@incollection{rego1991,
    keywords        = {8.7},
    author          = {L. L. B. Rego},
    title           = {O desenvolvimento cognitivo
                       e a prontidão para alfabetização},
    editor          = {T. N. Carraro},
    editortype      = {organizer},
    booktitle       = {Aprender pensando},
    edition         = {6},
    location        = {Petrópolis},
    publisher       = {Vozes},
    date            = {1991},
    pages           = {31-40},
}

@inbook{turano1998,
    keywords        = {8.7},
    author          = {J. C. Turano and L. M. Turano},
    title           = {Fatores determinantes da ocusão em prótese total},
    booktitle       = {Fundamentos de prótese total},
    bookauthor      = {J. C. Turano and L. M. Turano},
    edition         = {4},
    location        = {São Paulo},
    publisher       = {Quintessence},
    date            = {1998},
    chapter         = {13},
}

@book{marques1993,
    keywords        = {8.7},
    author          = {M. P. Marques and R. G. Lanzelotte},
    title           = {Banco de dados e hipermídia},
    subtitle        = {construindo um metamodelo para o Projeto Portinari},
    location        = {Rio de Janeiro},
    publisher       = {\mkbibacro{PUC}, Departamento de Informática},
    date            = {1993},
    note            = {Paginação irregular},
}

@book{tamandare1993,
    keywords        = {8.7},
    title           = {Sistema de ensino Tamandaré},
    subtitle        = {sargentos do Exército e da Aeronáutica},
    location        = {[Rio de Janeiro]},
    publisher       = {Colégio Curso Tamandaré},
    date            = {1993},
    note            = {Não paginado},
}

% <<<

% section 8.8 >>>2

@book{cesar1994,
    keywords        = {8.8},
    author          = {A. M. Cesar},
    title           = {A bala e a mitra},
    location        = {Recife},
    publisher       = {Bagaço},
    date            = {1994},
    pagetotal       = {267},
    illustrated     = {il.},
}

@book{azevedo1994,
    keywords        = {8.8},
    author          = {Marta R. de Azevedo},
    title           = {Viva vida},
    subtitle        = {estudos sociais, 4.},
    location        = {São Paulo},
    publisher       = {\mkbibacro{FTD}},
    date            = {1994},
    pagetotal       = {194},
    illustrated     = {il. color.},
}

@book{batista1992,
    keywords        = {8.8},
    author          = {Z. Batista and N. Batista},
    title           = {O foguete do Guido},
    titleaddon      = {Ilustrações de Marilda Castanha},
    location        = {São Paulo},
    publisher       = {Ed. do Brasil},
    date            = {1992},
    pagetotal       = {15},
    illustrated     = {principalmente il. color.},
    % editor          = {Marilda Castanha},
    % editortype      = {illustrator},
}

@book{chueire1994,
    keywords        = {8.8},
    author          = {C. Chueire},
    title           = {Marca angelical},
    titleaddon      = {Ilustração Luciane Fadel},
    location        = {Petrópolis},
    publisher       = {Vozes},
    date            = {1994},
    pagetotal       = {18},
    illustrated     = {somente il.},
    isbn            = {85-326-1087-0},
    % editora         = {Luciane Fadel},
    % editoratype     = {illustrator},
    % O ideal seria usar os campos `editora` e `editoratype` em vez de
    % `titleaddon`.
}

% <<<

% section 8.9 >>>2

@book{duran1993,
    keywords        = {8.9},
    author          = {J. J. Duran},
    title           = {Iluminação para vídeo e cinema},
    location        = {São Paulo},
    date            = {1993},
    pagetotal       = {126},
    dimensions      = {21~cm},
}

@book{chemello1993,
    keywords        = {8.9},
    author          = {T. Chemello},
    title           = {Lãs, linhas e retalhos},
    edition         = {3},
    location        = {São Paulo},
    publisher       = {Global},
    date            = {1993},
    pagetotal       = {61},
    illustrated     = {il.},
    dimensions      = {16 cm {$\times$} 23 cm},
}

@misc{taca0000,
    keywords        = {8.9},
    title           = {Taça de vidro à maneira de Veneza,
                       com a imagem de Nossa Senhora e o menino
                       no fuste também decorado com detalhes azuis},
    year            = {[170-{}-?].},
    sortyear        = {1700},
    note            = {1 taça, 10,7 cm de diâmetro $\times$ 24,5 cm de
                       altura},
    options         = {noslsn},
    % É necessário pôr o ponto depois do ano manualmente
    % porque o biblatex acha que o ponto de interrogação já é suficiente.
}

% <<<

% section 8.10 >>>2

@book{arbex1993,
    keywords        = {8.10},
    author          = {Arbex Junior, J.},
    title           = {Nacionalismo},
    subtitle        = {o desafio à nova ordem pós-socialista},
    location        = {São Paulo},
    publisher       = {Scipione},
    date            = {1993},
    pagetotal       = {104},
    illustrated     = {il.},
    dimensions      = {23 cm},
    series          = {História em aberto},
}

@book{carvalho1994,
    keywords        = {8.10},
    author          = {M. Carvalho},
    title           = {Guia prático do alfabetizador},
    location        = {São Paulo},
    publisher       = {Ática},
    date            = {1994},
    pagetotal       = {95},
    series          = {Princípios},
    number          = {243},
}

@book{migliori1993,
    keywords        = {8.10},
    author          = {R. Migliori},
    title           = {Paradigmas e educação},
    location        = {São Paulo},
    publisher       = {Aquariana},
    date            = {1993},
    pagetotal       = {20},
    series          = {Visão do futuro},
    number          = {v. 1},
}

@book{amaral1994,
    keywords        = {8.10},
    author          = {Amaral Sobrinho, J.},
    title           = {Ensino fundamental},
    subtitle        = {gastos da União e do \mkbibacro{MEC} em 1991:
                       tendências},
    location        = {Brasília, DF},
    publisher       = {\mkbibacro{IPEA}},
    date            = {1994},
    pagetotal       = {8},
    series          = {Texto para discussão},
    number          = {n. 31},
}

@book{rodrigues1994,
    keywords        = {8.10},
    author          = {Nelson Rodrigues},
    title           = {Teatro completo},
    titleaddon      = {Organização geral e prefácio Sábato Magaldi},
    location        = {Rio de Janeiro},
    publisher       = {Nova Aguilar},
    date            = {1994},
    pagetotal       = {1134},
    series          = {Biblioteca luso-brasileira. Série brasileira},
    % editor          = {Sábato Magaldi},
    % editortype      = {genorgfo},
}

% <<<

% section 8.11 >>>2

@book{laurenti1978,
    keywords        = {8.11},
    author          = {R. Laurenti},
    title           = {Mortalidade pré-natal},
    location        = {São Paulo},
    publisher       = {Centro Brasileiro de Classificação de Doenças},
    date            = {1978},
    note            = {Mimeografado},
}

@article{marins1991,
    keywords        = {8.11},
    author          = {J. L. C. Marins},
    title           = {Massa calcificada da naso-faringe},
    journaltitle    = {Radiologia Brasileira},
    location        = {São Paulo},
    number          = {23},
    date            = {1991},
    pubstate        = {No prelo},
}

@misc{malagrino1985,
    keywords        = {8.11},
    author          = {W. Malagrino and others},
    title           = {Estudos preliminares sobre os efeitos de baixas
                       concentrações de detergentes amiônicos na formação
                       do bisso em \textit{Branchidontas solisianus}},
    date            = {1985},
    note            = {Trabalho apresentado ao 13º Congresso Brasileiro
                       de Engenharia Sanitária e Ambiental, Maceió, 1985},
    options         = {noslsn},
}

@book{zilberman1998,
    keywords        = {8.11},
    author          = {R. Zilberman},
    title           = {A leitura e o ensino da literatura},
    location        = {São Paulo},
    publisher       = {Contexto},
    date            = {1988},
    pagetotal       = {146},
    relatedtype     = {recensionof},
    related         = {silva1988},
}

@article{silva1988,
    % keywords        = {8.11},
    author          = {E. T. Silva},
    journaltitle    = {Ci. Inf.},
    location        = {Brasília, DF},
    volume          = {17},
    number          = {2},
    issue           = {jul./dez.},
    year            = {1988},
}

@book{matsuda1986,
    keywords        = {8.11},
    author          = {C. T. Matsuda},
    title           = {Cometas: do mito à ciência},
    date            = {1986},
    publisher       = {Ícone},
    location        = {São Paulo},
    related         = {santos1987},
    relatedtype     = {reviewof},
}

@article{santos1987,
    % keywords        = {8.11},
    author          = {P. M. Santos},
    title           = {Cometa},
    subtitle        = {divindade momentânea ou bola de gelo sujo?},
    journaltitle    = {Ciência Hoje},
    location        = {São Paulo},
    volume          = {5},
    number          = {30},
    pages           = {20},
    date            = {1987-04},
}

@misc{resprin1997,
    keywords        = {8.11},
    title           = {Resprin},
    subtitle        = {comprimidos},
    titleaddon      = {Responsável técnico Delosmar R. Bastos},
    location        = {São José dos Campos},
    publisher       = {Johnson \& Johnson},
    date            = {1997},
    note            = {Bula de remédio},
}

@book{carruth1993,
    keywords        = {8.11},
    author          = {Jane Carruth},
    title           = {A nova casa do Bebeto},
    titleaddon      = {Desenhos de Tony Hutchings. Tradução Ruth Rocha},
    location        = {São Paulo},
    publisher       = {Círculo do Livro},
    date            = {1993},
    pagetotal       = {21},
    note            = {Tradução de: Moving House},
    % editor          = {Tony Hutchings},
    % editortype      = {illustrator},
    % translator      = {Ruth Rocha},
    % O ideal seria usar os campos `editor` e `editortype` em vez de
    % `titleaddon`.
}

@book{saadi1994,
    keywords        = {8.11},
    author          = {Saadi},
    title           = {O jardim das rosas\ldots},
    titleaddon      = {Tradução de Aurélio Buarque de Holanda},
    location        = {Rio de Janeiro},
    publisher       = {J. Olympio},
    date            = {1944},
    pagetotal       = {124},
    illustrated     = {il.},
    series          = {Coleção Rubaiyat},
    note            = {Versão francesa de Franz Toussaint do original árabe},
    % translator      = {Aurélio Buarque de Holanda},
}

@book{makau1962,
    keywords        = {8.11},
    author          = {A. B. Makau},
    title           = {Esperanza de la educación hoy},
    location        = {Lisboa},
    publisher       = {J.~Piaget},
    date            = {1962},
    related         = {moore1960b},
    relatedtype     = {reprintfrom},
}

@book{moore1960b,
    % keywords        = {8.11},
    editor          = {W. Moore},
    title           = {Construtivismo del movimiento educacional},
    subtitle        = {soluciones},
    location        = {Córdoba, AR},
    date            = {1960},
    pages           = {309-340},
}

@article{lion1981,
    keywords        = {8.11},
    author          = {M. F. Lion and J. Andrade},
    title           = {Drogas cardiovasculares e gravidez},
    titleaddon      = {Separata de:},
    journaltitle    = {Arquivos Brasileiros de Cardiologia},
    location        = {São Paulo},
    volume          = {37},
    number          = {2},
    pages           = {125-127},
    date            = {1981},
}

@thesis{morgado1990,
    keywords        = {8.11},
    author          = {M. L. C. Morgado},
    title           = {Reimplante dentário},
    date            = {1990},
    pagetotal       = {51},
    bookpagination  = {sheet},
    type            = {Trabalho de conclusão de curso (Especialização)},
    institution     = {Faculdade de Odontologia,
                       Universidade Camilo Castelo Branco},
    location        = {São Paulo},
    eventdate       = {1990},
}

@mastersthesis{araujo1986,
    keywords        = {8.11},
    author          = {U. A. M. Araujo},
    title           = {Máscaras inteiriças Tukúna},
    subtitle        = {possibilidade de estudo de artefatos
                       de museu para o conhecimento do universo indígena},
    date            = {1985},
    pagetotal       = {102},
    bookpagination  = {sheet},
    type            = {Dissertação (Mestrado em Ciências Sociais)},
    institution     = {Fundação Escola de Sociologia Política de São Paulo},
    location        = {São Paulo},
    eventdate       = {1986},
}

@thesis{alentejo1999,
    keywords        = {8.11},
    author          = {Eduardo Alentejo},
    title           = {Catalogação de postais},
    titleaddon      = {1999. Trabalho apresentado como requisito parcial para
                       aprovação na Disciplina Catalogação III},
    institution     = {Escola de Biblioteconomia, Universidade do Rio de
                       Janeiro},
    location        = {Rio de Janeiro},
    eventdate       = {1999},
    % date            = {1999},
    % A data foi acrescentada ao campo `titleaddon` para que ficasse antes do
    % texto desse campo (que deveria ir no campo `note`, sendo impresso no fim
    % da entrada, mas, pra variar, a ABNT resolveu fazer diferente).
}

@book{holanda1994,
    keywords        = {8.11},
    author          = {S. B. Holanda},
    title           = {Caminhos e fronteiras},
    edition         = {3},
    location        = {São Paulo},
    publisher       = {Companhia das Letras},
    date            = {1994},
    pagetotal       = {301},
    illustrated     = {il.},
    note            = {Inclui índice},
    isbn            = {85-7164-411-x},
}

@book{pelosi1993,
    keywords        = {8.11},
    author          = {T. Pelosi},
    title           = {O caminho das cordas},
    location        = {Rio de Janeiro},
    publisher       = {Anais},
    date            = {1993},
    pagetotal       = {158},
    illustrated     = {il.},
    note            = {Bibliografia: p. 115-158},
}

@book{tringali1994,
    keywords        = {8.11},
    author          = {Dante Tringali},
    title           = {Escolas literárias},
    location        = {São Paulo},
    publisher       = {Musa},
    date            = {1994},
    pagetotal       = {246},
    note            = {Inclui bibliografias},
}

@book{cardim1984,
    keywords        = {8.11},
    author          = {M. S. Cardim},
    title           = {Constitui o ensino de 2º grau regular noturno
                       uma verdadeira educação de adultos?},
    location        = {Curitiba},
    publisher       = {Universidade Federal do Paraná, Setor de Educação},
    date            = {1984},
    note            = {3 microfichas. Redução de 1:24.000},
}

% <<<

% <<<

% section 9 >>>1

% section 9.1 >>>2

@book{confederacao1993,
    keywords        = {9.1},
    author          = {{Confederação nacional da indústria\nopunct}},
    nameaddon       = {(Brasil)},
    title           = {Educação básica e formação profissional},
    date            = {1993},
    location        = {Salvador},
    options         = {noslsn},
    % Para que o "(Brasil)" fique em minúsculas, pode-se usar
    % `\nopunct` para omitir o ponto depois do autor e então acrescentar
    % essa informação no campo `nameaddon`. Também é possível usar o campo
    % `authortype` para essa informação, mas "Brasil" nãe é exatamente um
    % tipo de autor, embora a ABNT imprima como se fosse.
    % Nenhuma dessas possibilidades é ideal, e provavelmente causariam
    % problemas em outros estilos, mas como a ABNT é inconsistente é
    % necessário fazer algo assim.
}

@book{dreifuss1996,
    keywords        = {9.1},
    author          = {René Dreifuss},
    title           = {A era das perplexidades},
    subtitle        = {mundialização, globalização e planetarização},
    date            = {1996},
    publisher       = {Vozes},
    location        = {Petrópolis},
}

@book{gramsci1978,
    keywords        = {9.1},
    author          = {Antonio Gramsci},
    title           = {Concepção dialética da História},
    edition         = {2},
    date            = {1978},
    publisher       = {Civilização Brasileira},
    location        = {Rio de Janeiro},
}

@mvbook{freyre1943,
    keywords        = {9.1},
    author          = {Gilberto Freyre},
    title           = {Casa grande \& senzala},
    subtitle        = {formação da família brasileira
                       sob regime de economia patriarcal},
    location        = {Rio de Janeiro},
    publisher       = {J. Olympio},
    date            = {1943},
    volumes         = {2},
}

@book{freyre1936a,
    keywords        = {9.1},
    author          = {Gilberto Freyre},
    title           = {Sobrados e mocambos},
    subtitle        = {decadência do patriarcado rural no Brasil},
    location        = {São Paulo},
    publisher       = {Ed. Nacional},
    date            = {1936},
    options         = {repeatfields=false, repeatfirstfields=false},
}

@book{freyre1936b,
    keywords        = {9.1},
    author          = {Gilberto Freyre},
    title           = {Sobrados e mocambos},
    subtitle        = {decadência do patriarcado rural no Brasil},
    location        = {São Paulo},
    publisher       = {Ed. Nacional},
    date            = {1936},
    pagetotal       = {405},
}

@book{freyre1938,
    keywords        = {9.1},
    author          = {Gilberto Freyre},
    title           = {Sobrados e mocambos},
    subtitle        = {decadência do patriarcado rural no Brasil},
    location        = {São Paulo},
    publisher       = {Ed. Nacional},
    date            = {1938},
    edition         = {2},
    pagetotal       = {410},
    options         = {repeatfields=false, repeatfirstfields=false},
}

% <<<

% section 9.2 >>>2

@book{cretella1992,
    keywords        = {9.2},
    author          = {Cretella Júnior, José},
    title           = {Do impeachment no direito brasileiro},
    location        = {[São Paulo]},
    publisher       = {R. dos Tribunais},
    date            = {1992},
    pages           = {107},
}

@booklet{boletim1965b,
    keywords        = {9.2},
    title           = {Boletim~estatístico [da] Rede Ferroviária Federal},
    location        = {Rio de Janeiro},
    date            = {1965},
    pages           = {20},
}

% <<<

% <<<

% vim: set foldmarker=\ >>>,\ <<< :
